5138 6694
609 801 650 862 80
869 799 1088 864 CHARTERS
1110 797 1163 862 OF
1185 797 1270 862 THE
1291 797 1441 862 FRIARS
1462 797 1708 862 PREAOHERS
1729 799 1782 862 OF
1802 799 1897 864 AYR.

608 986 784 1062 Ricardus
800 986 892 1063 Reid
907 1013 1003 1063 unus
1019 987 1234 1062 ballivorum
1251 987 1356 1088 burgi
1373 985 1418 1062 de
1430 987 1497 1064 Air
1507 1013 1573 1088 pro
1584 998 1745 1086 tempore
1757 987 1992 1087 personaliter
2007 991 2157 1066 accessit

607 1111 656 1188 ad
675 1112 857 1211 quoddam
884 1123 1132 1188 tenementum
1154 1113 1279 1211 jacens
1296 1113 1335 1188 in
1353 1113 1452 1187 dicto
1478 1111 1592 1213 burgo
1608 1113 1648 1186 in
1665 1113 1713 1190 lie
1738 1112 1912 1214 Wodgait
1937 1117 2035 1190 inter
2054 1127 2155 1192 tene·

608 1247 773 1312 mentum
790 1238 938 1312 Patricii
958 1237 1159 1314 Thomsone
1177 1265 1221 1313 ex
1237 1249 1341 1338 parte
1366 1238 1515 1313 australi
1532 1249 1569 1313 et
1584 1248 1834 1314 tenementum
1859 1239 2036 1316 Jobannis
2053 1242 2157 1344 Lang
2245 1248 2252 1272 '

608 1389 655 1438 ex
671 1375 774 1463 parte
790 1363 918 1438 boriali
935 1375 972 1438 et
989 1364 1125 1439 ibidem
1140 1389 1207 1462 per
1222 1363 1518 1438 deliberacionem
1542 1362 1727 1438 cuiusdam
1750 1363 1885 1438 famose
1909 1365 2156 1464 inquisicionis

609 1490 911 1589 conburgensium
941 1489 1030 1564 dieti
1056 1489 1162 1589 burgi
1190 1489 1401 1564 electorum·
1416 1513 1524 1587 super
1552 1487 1792 1564 deservitione
1822 1491 2010 1566 cuiusdam
2036 1493 2157 1568 brevis

608 1615 700 1714 regii
725 1615 969 1690 mediantibus
995 1641 1119 1689 eorum
1142 1615 1358 1714 juramentis
1384 1614 1512 1689 erectis
1537 1637 1602 1711 per
1626 1613 1835 1712 religiosum
1860 1615 1982 1690 virum
2008 1617 2156 1693 fratrem

607 1739 812 1816 iohannem
823 1739 959 1814 Vallrer
969 1725 1244 1814 conventualem
1256 1741 1326 1814 loci
1339 1739 1507 1814 Fratrum
1519 1737 1790 1814 Predicatorum
1803 1740 1938 1816 ordinis
1951 1743 2041 1818 dicti
2051 1744 2159 1844 burgi

608 1865 676 1940 filii
697 1876 735 1940 et
750 1865 892 1941 heredis
918 1865 1101 1965 quondam
1127 1864 1151 1939 J
1153 1864 1304 1938 ohannis
1330 1864 1465 1940 Vallrer
1491 1873 1630 1938 statum
1658 1874 1695 1938 et
1721 1865 1876 1940 casinam
1902 1867 2158 1944 hereditariam

608 2016 749 2066 necnon
787 1991 964 2065 actualem
998 1991 1258 2088 possessionem
1293 2000 1330 2064 et
1364 1989 1583 2087 corporalem
1617 1988 1717 2064 dioto
1753 1990 1857 2066 fratri
1889 1991 1913 2066 J
1915 1993 2050 2068 ohanni
2075 1995 2157 2094 jure

608 2115 824 2190 hereditario
850 2115 1039 2213 patrissui
1057 2115 1146 2190 dicti
1173 2114 1355 2213 quondam
1382 2112 1406 2187 J
1408 2113 1558 2188 ohannis
1584 2113 1631 2188 de
1657 2123 1737 2188 toto
1764 2125 1802 2190 et
1827 2115 1970 2216 integro
1996 2119 2158 2216 predicto

608 2251 817 2316 tenemento
838 2251 916 2315 tam
932 2242 971 2314 in
988 2239 1106 2316 fronte
1124 2267 1232 2339 quam
1250 2241 1289 2318 in
1306 2238 1421 2316 cauda
1437 2265 1520 2314 cum
1536 2239 1766 2338 pertinentiis
1782 2266 1847 2340 per
1862 2253 1956 2318 terre
1973 2253 2011 2318 et
2027 2244 2158 2343 lapidis

608 2365 844 2440 traditionem
860 2377 903 2442 ut
919 2366 1029 2440 moris
1054 2376 1110 2440 est
1134 2365 1286 2440 donavit
1313 2365 1581 2463 imperpetuum
1607 2363 1708 2438 saluo
1734 2363 1817 2462 jure
1842 2367 2035 2442 cuiuslibet
2086 2369 2158 2457 Qui

609 2518 695 2568 vcro
725 2492 838 2566 frater
862 2492 1046 2567 Jobannes
1073 2517 1146 2566 non
1175 2491 1213 2564 vi
1242 2499 1307 2568 aut
1331 2500 1434 2568 metu
1459 2488 1589 2564 duetrrs
1614 2513 1681 2562 nec
1707 2515 1823 2565 errore
1847 2491 1970 2590 lapsus
1992 2493 2158 2568 seudolo

610 2619 879 2694 circumventus
903 2617 967 2693 sed
991 2643 1056 2692 sua
1080 2642 1178 2690 mera
1198 2626 1235 2691 et
1251 2625 1448 2715 spontanea
1463 2613 1654 2688 voluntate
1679 2638 1743 2713 per
1766 2614 1901 2690 fustem
1927 2627 1964 2694 et
1988 2618 2159 2694 baculum

611 2769 754 2819 sursum
773 2743 934 2817 reddidit
957 2767 1116 2842 pureque
1133 2767 1174 2816 ac
1191 2741 1401 2838 simpliciter
1421 2738 1620 2840 resignavit
1635 2739 1675 2812 in
1691 2740 1858 2815 manibus
1881 2743 2013 2841 prefati
2033 2743 2159 2821 ballivi

612 2881 732 2944 totum
758 2868 961 2967 predictum
981 2876 1231 2942 tenementum
1247 2877 1324 2939 tam
1342 2865 1380 2939 in
1397 2865 1516 2939 fronte
1532 2889 1641 2963 quam
1652 2863 1692 2938 in
1705 2866 1820 2940 cauda
1836 2893 1918 2942 cum
1930 2871 2160 2968 pertinentiis

612 2994 840 3094 Quaquidem
856 2993 1099 3096 resignatione
1117 2993 1168 3065 sic
1184 2990 1282 3064 facta
1299 2999 1336 3064 et
1352 3015 1417 3088 per
1439 2987 1579 3063 dietum
1595 2987 1771 3064 ballivum
1794 3004 1938 3092 recepta
1955 2994 2159 3070 antedictus

610 3121 767 3196 ballivus
792 3129 930 3193 statum
947 3128 984 3192 et
1009 3118 1166 3191 sasinam
1190 3114 1446 3190 hereditariam
1472 3139 1612 3188 necnon
1639 3116 1817 3190 actualem
1843 3121 2104 3218 possessionem
2121 3133 2159 3198 et

611 3245 829 3345 corporalem
846 3243 1043 3319 venerabili
1069 3243 1166 3342 patri
1191 3241 1296 3316 fratri
1323 3240 1348 3315 J
1349 3239 1459 3315 acobo
1483 3239 1590 3340 Yong
1618 3241 1729 3337 priori
1756 3239 1847 3316 dicti
1872 3243 1942 3318 loci
1958 3247 2105 3321 nomine
2122 3257 2160 3324 et

612 3372 806 3446 autoritate
824 3370 894 3444 Dei
911 3368 1168 3470 omnipotentis
1196 3377 1233 3441 et
1250 3367 1405 3467 gloriose
1431 3365 1584 3465 virginis
1611 3363 1786 3440 Katerine
1812 3377 1963 3464 patrone
1983 3369 2071 3445 dicti
2088 3369 2159 3446 loci

612 3510 650 3574 et
667 3509 867 3574 conventus
884 3522 926 3571 ao
943 3519 1187 3570 successorum
1205 3492 1400 3568 eorundem
1412 3490 1458 3566 de
1470 3501 1549 3566 toto
1567 3501 1604 3564 et
1619 3490 1759 3590 integro
1771 3493 1933 3590 predicto
1950 3505 2158 3575 tenemento

610 3633 689 3699 tarn
699 3623 738 3698 in
748 3623 868 3697 fronte
880 3647 989 3720 quam
1006 3621 1046 3694 in
1063 3619 1177 3694 cauda
1194 3615 1522 3715 compertinentiis
1539 3625 1712 3713 perterre
1729 3627 1767 3690 et
1780 3617 1910 3715 lapidis
1923 3622 2159 3698 tradicionem

612 3759 657 3823 ut
673 3749 783 3822 moris
806 3757 862 3820 est
879 3745 1031 3820 donavit
1046 3744 1313 3843 imperpetuum
1330 3741 1559 3816 Reservando
1584 3751 1706 3815 tamen
1731 3743 1885 3817 liberum
1909 3755 2160 3822 tenementum

451 3887 593 3960 (luade.)
764 3872 942 3970 Ranlryne
968 3869 1048 3945 avie
1074 3869 1189 3967 ipsius
1214 3869 1337 3942 fratris
1363 3867 1388 3942 J
1389 3866 1540 3941 ohannis
1565 3892 1630 3965 pro
1657 3876 1735 3941 toto
1762 3877 1923 3967 tempore
1939 3871 2015 3945 vite
2034 3897 2097 3947 sue
2114 3873 2160 3948 de

612 4009 693 4075 toto
710 3997 850 4096 prefato
874 4005 1080 4071 tenemento
1098 3993 1213 4092 Super
1237 3992 1368 4098 quibus
1393 4017 1478 4066 vero
1503 3991 1670 4065 omnibus
1686 4002 1723 4066 et
1740 3992 1891 4092 singulis
1909 3994 1959 4069 sic
1976 3997 2160 4094 premissis

612 4125 722 4224 peciit
737 4122 899 4223 prefatus
915 4120 1131 4196 venerabilis
1147 4129 1250 4218 pater
1267 4118 1364 4216 prior
1381 4143 1403 4191 a
1418 4143 1477 4191 me
1492 4117 1634 4192 notario
1656 4116 1801 4215 publico
1826 4118 2027 4218 subscripto
2044 4148 2160 4196 unum

611 4261 677 4326 aut
693 4249 799 4350 plura
815 4247 1000 4348 publicum
1017 4271 1080 4320 seu
1097 4245 1242 4344 publica
1258 4244 1540 4318 instrumentum
1556 4242 1615 4316 vel
1632 4242 1872 4317 instrumenta
1885 4245 1954 4319 sibi
1970 4245 2048 4320 fieri
2064 4246 2161 4322 Acta

611 4386 715 4452 erant
731 4376 796 4450 bec
813 4400 920 4473 super
935 4372 1053 4448 solum
1071 4371 1161 4445 dicti
1177 4369 1378 4444 tenementi
1394 4367 1482 4442 hora
1499 4367 1602 4466 quasi
1619 4377 1748 4464 quarta
1763 4379 1846 4466 post
1863 4369 2050 4445 meridiem
2063 4397 2160 4448 anno

612 4526 736 4577 mense
753 4500 811 4574 die
827 4499 1025 4574 indictione
1042 4507 1079 4572 et
1095 4494 1311 4594 pontificatu
1327 4493 1459 4592 quibus
1476 4517 1584 4590 supra
1600 4492 1827 4588 presentibus
1844 4492 1979 4568 ibidem
1992 4495 2017 4570 J
2017 4497 2159 4572 ohanne

612 4627 732 4701 Feane
749 4624 925 4712 Quintino
938 4619 1200 4720 Ounynghame
1217 4618 1374 4692 Patricio
1392 4615 1564 4714 Gybsone
1580 4614 1720 4689 Thoma
1732 4615 1836 4717 Lang
1852 4619 2159 4720 conburgensibus

612 4749 704 4826 dicti
727 4748 834 4847 burgi
861 4757 898 4822 et
923 4745 1070 4822 Andrea
1096 4741 1306 4818 M‘Owbene
1339 4741 1496 4818 testibus
1523 4738 1569 4818 ad
1595 4739 1769 4836 premissa
1796 4741 1934 4816 vocatis
1955 4744 2095 4841 pariter
2121 4755 2159 4821 et

612 4874 757 4976 rogatis.

690 5000 768 5076 Heo
785 5007 840 5074 est
855 5021 941 5071 vera
957 4995 1060 5093 eopia
1082 5019 1170 5068 sana
1194 5003 1232 5067 et
1256 4992 1399 5090 integra
1423 4989 1606 5090 originalis
1632 4999 1670 5064 et
1693 4987 1901 5088 principalis
1927 4989 2160 5072 instrumenti

765 5125 869 5224 signo
887 5130 925 5196 et
942 5118 1203 5218 subscriptione
1227 5116 1251 5191 J
1253 5116 1404 5190 ohannis
1429 5115 1519 5190 Fare
1545 5113 1678 5190 notarii
1703 5112 1840 5212 publici
1856 5114 1897 5187 in
1912 5115 1985 5190 fine
2002 5118 2160 5200 roborati

768 5247 916 5324 alterius
942 5254 1066 5318 tamen
1095 5265 1206 5315 manu
1232 5239 1394 5338 legitime
1420 5239 1554 5338 scripta
1583 5248 1622 5314 et
1648 5238 1789 5336 copiata
1815 5239 1869 5314 nil
1896 5239 2063 5320 addendo
2093 5269 2160 5322 nec

765 5371 984 5450 removendo
1000 5393 1064 5470 per
1087 5392 1145 5442 me
1170 5365 1352 5442 notarium
1376 5363 1561 5466 publicum
1586 5362 1825 5462 subscriptum
1851 5376 2018 5466 requesta
2040 5367 2162 5446 fratris
