5138 6694
592 785 654 848 104
843 781 1065 848 OHARTERS
1086 783 1140 848 OF
1161 783 1247 846 THE
1268 783 1420 846 FRIARS
1441 779 1688 846 PREAOHERS
1710 778 1763 843 OF
1784 779 1880 842 Ara

590 969 883 1046 Predicatoribus
919 998 983 1046 seu
1027 969 1316 1046 Dominicalibus
1351 981 1389 1045 11
1422 970 1628 1046 Minoribus
1662 995 1726 1045 seu
1768 966 1801 1042 F
1800 965 2020 1042 ranciscanis
2054 965 2145 1041 dicti

591 1097 708 1172 nostri
742 1097 848 1197 burgi
881 1098 1045 1197 perprius
1086 1098 1343 1196 pertinuerunt
1384 1121 1544 1171 unacum
1580 1096 1750 1171 omnibus
1784 1105 1821 1170 11
1855 1093 2008 1194 singulis
2041 1092 2146 1168 terris

592 1223 759 1298 domibus
782 1223 999 1298 tenementis
1020 1222 1226 1322 jacentibus
1253 1223 1348 1297 infra
1374 1220 1516 1297 (1111111
1543 1232 1708 1296 nostrum
1734 1220 1892 1320 burgum
1918 1217 2145 1320 parrochiam

592 1358 631 1423 et
648 1349 855 1422 libertatem
875 1347 1036 1422 eiusdem
1055 1374 1137 1422 cum
1163 1347 1331 1422 omnibus
1357 1349 1487 1422 annuis
1512 1345 1717 1422 redditibus
1734 1348 1779 1422 de
1796 1371 2011 1447 quacunque
2036 1345 2144 1420 domo

594 1476 700 1549 terris
717 1485 782 1549 aut
801 1485 1011 1549 tenemento
1036 1473 1131 1548 infra
1157 1473 1297 1548 dictum
1324 1482 1490 1546 nostrum
1514 1472 1672 1574 burgum
1697 1473 1863 1548 levandis
1889 1472 1985 1546 datis
2011 1470 2147 1546 dotatis

595 1609 633 1674 et
656 1599 820 1674 fundatis
846 1599 1119 1700 quibuscunque
1145 1599 1380 1698 cappellaniis
1410 1597 1596 1699 alteregiis
1628 1599 1803 1674 fratribus
1836 1597 2045 1672 mortuariis
2082 1605 2147 1672 aut

595 1727 848 1800 anniversariis
865 1725 1072 1824 ubicunque
1090 1725 1166 1798 sint
1182 1725 1278 1799 11111
1293 1749 1446 1824 regnum
1462 1734 1629 1798 nostrum
1680 1724 1733 1799 Ac
1750 1723 1860 1798 etiam
1877 1747 1962 1797 cum
1979 1721 2149 1796 omnibus

595 1861 634 1926 11
646 1851 798 1952 singulis
812 1852 942 1926 annuis
958 1849 1162 1926 redditibus
1179 1862 1217 1923 et
1234 1849 1314 1923 aliis
1332 1849 1482 1923 divoriis
1499 1849 1628 1924 solutis
1646 1859 1711 1924 aut
1727 1873 1797 1948 que
1814 1873 1879 1946 per
1895 1871 2148 1947 quamcunque

595 1976 783 2051 ecclesiam
800 1987 904 2050 extra
921 1976 1061 2050 dictum
1083 1985 1250 2050 nostrum
1265 1973 1423 2074 burgum
1440 2001 1462 2049 1
1477 1975 1661 2074 preposito
1678 1985 1742 2050 aut
1759 1973 1905 2048 ballivis
1922 1972 2085 2048 eiusdem
2102 1973 2148 2048 dc

596 2102 781 2177 communi
813 2099 960 2178 redditu
987 2101 1148 2177 eiusdem
1174 2127 1240 2200 pro
1271 2101 1451 2202 suffragiis
1485 2101 1709 2176 celebrandis
1743 2099 1954 2176 demandari
1986 2099 2149 2198 poterint

597 2253 681 2302 cum
703 2227 937 2326 pertinenciis
954 2251 997 2302 ac
1020 2227 1131 2301 etiam
1154 2253 1237 2302 cum
1261 2229 1485 2302 avisamento
1502 2228 1702 2328 prescripto
1725 2227 1872 2302 unimus
1890 2235 1928 2300 et
1945 2225 2150 2324 incorpora·

596 2379 679 2428 mus
697 2378 822 2427 ornnes
839 2363 877 2426 11
897 2352 1058 2452 singulas
1083 2363 1197 2427 terras
1222 2364 1433 2428 tenementa
1458 2354 1586 2428 domos
1611 2352 1753 2428 edificia
1779 2351 1946 2426 ecclesias
1972 2351 2151 2425 cimiteria

597 2478 777 2577 cappellae
793 2479 918 2553 hortos
935 2503 1034 2552 acras
1051 2479 1183 2553 croftas
1201 2504 1339 2554 annuos
1364 2479 1529 2554 redditus
1551 2479 1760 2554 molendina
1776 2476 1993 2576 piscationes
2009 2475 2150 2550 fructus

598 2605 738 2680 divoria
753 2603 915 2703 proficua
941 2605 1187 2680 emolumenta
1213 2605 1336 2680 firmas
1363 2606 1569 2680 elimosinas
1586 2605 1708 2680 obitus
1725 2603 1970 2678 anniversaria
1995 2601 2150 2676 fratrum

599 2731 678 2806 loca
703 2731 829 2804 hortos
859 2732 1056 2805 earundem
1083 2757 1167 2806 cum
1193 2732 1267 2806 suis
1292 2733 1527 2830 pertinenciis
1551 2731 1591 2806 in
1617 2756 1732 2805 unum
1758 2757 1887 2830 corpus
1912 2733 2149 2831 imposterum

599 2856 857 2955 appellandum
886 2855 1053 2931 fundatio
1079 2868 1203 2931 nostra
1232 2858 1426 2932 ministerii
1459 2868 1497 2932 ct
1525 2857 1788 2956 hospitalitatis
1817 2867 1942 2932 nostra
1968 2857 2076 2958 burgi
2104 2859 2150 2932 dc

598 2981 667 3055 Air
684 2981 861 3056 Volumus
887 2982 998 3056 etiam
1021 2983 1119 3081 quod
1144 2983 1253 3057 unica
1276 2983 1396 3058 sasina
1420 3007 1486 3081 per
1509 2982 1669 3081 prefatos
1686 2983 1912 3082 prepositum
1937 2993 1975 3056 ct
1998 2983 2151 3059 ballivos

599 3119 664 3182 aut
681 3107 844 3206 ipsorum
861 3107 1020 3207 aliquem
1036 3108 1134 3183 dicte
1151 3109 1424 3183 communitatis
1441 3119 1563 3184 nostre
1580 3109 1678 3207 apud
1702 3110 1903 3208 pretorium
1928 3109 2019 3184 dicti
2036 3111 2153 3184 nostri

599 3232 706 3332 burgi
718 3231 829 3307 semel
842 3241 990 3330 accepte
1002 3243 1080 3306 tam
1093 3233 1273 3308 sufficiens
1286 3235 1356 3308 erit
1373 3235 1493 3308 sesina
1508 3245 1683 3334 perpetuo
1700 3235 1904 3310 infuturum
1922 3235 2009 3309 acsi
2026 3237 2152 3310 eadem

600 3383 708 3457 super
726 3357 962 3456 particulares
989 3369 1104 3434 terras
1122 3359 1169 3433 ad
1186 3359 1301 3434 dictas
1329 3360 1508 3459 cappellas
1535 3360 1790 3459 prebendarios
1817 3371 1856 3434 et
1883 3359 2012 3435 fratres
2041 3363 2152 3460 perti·

601 3494 728 3560 nentes
756 3493 820 3558 aut
837 3483 927 3581 ipsis
952 3483 992 3558 in
1016 3483 1166 3582 prefatis
1192 3484 1323 3558 annuis
1343 3482 1548 3559 redditibus
1573 3485 1819 3559 anniversaria
1843 3485 1965 3560 firmas
1991 3487 2153 3586 proficua

602 3621 639 3686 et
656 3611 798 3685 divoria
814 3609 1015 3709 prescripta
1032 3609 1154 3684 debite
1174 3619 1378 3686 sumeretur
1393 3635 1467 3684 non
1485 3609 1651 3685 obstante
1667 3609 1830 3684 locorum
1846 3610 2023 3686 distantia
2039 3613 2153 3689 Vobis

602 3737 822 3836 precipimus
847 3745 886 3810 et
905 3735 1122 3810 mandamus
1147 3745 1327 3834 quatenus
1344 3735 1495 3833 prefatis
1519 3736 1704 3836 preposito
1729 3735 1874 3810 ballivis
1892 3739 2099 3814 consulibus
2117 3752 2153 3816 et

603 3862 865 3938 communitate
882 3860 973 3934 dicti
989 3871 1113 3936 nostro
1129 3860 1236 3959 burgi
1253 3871 1318 3934 aut
1343 3860 1505 3959 ipsorum
1522 3861 1635 3960 aliqui
1651 3861 1726 3937 vell
1742 3863 1817 3936 suis
1834 3865 1942 3938 certis
1959 3869 2154 3942 actornatis

602 3986 779 4062 latoribus
794 3985 1017 4085 presentium
1035 3985 1191 4060 sasinam
1207 3985 1430 4084 prolatarum
1452 3996 1629 4061 terrarum
1646 3998 1939 4064 tenementorum
1964 3992 2155 4069 domorum

605 4113 830 4188 edificiorum
846 4111 1089 4211 pomeriorum
1106 4109 1291 4184 horterum
1314 4136 1477 4185 acrarum
1503 4111 1700 4187 croftarum
1725 4139 1928 4189 annuorum
1944 4118 2155 4195 reddituum

605 4237 897 4313 molendinorum
922 4236 1165 4336 piscationum
1181 4235 1368 4310 fructuum
1385 4235 1617 4311 denariorum
1642 4248 1679 4312 ct
1701 4238 1855 4314 aliorum
1872 4267 1981 4342 supra
2005 4247 2156 4345 scripto·

606 4389 688 4437 rum
709 4389 792 4438 cunr
814 4365 889 4438 suis
914 4360 1147 4461 pertinenciis
1173 4361 1373 4434 secundum
1396 4371 1561 4436 tenorem
1584 4373 1682 4438 carte
1707 4375 1829 4440 nostre
1853 4393 1962 4466 quern
1985 4370 2158 4448 danobis

607 4488 693 4563 inde
725 4489 863 4563 habent
902 4487 1002 4587 juste
1035 4486 1160 4561 haberi
1201 4485 1344 4560 faciatis
1379 4486 1429 4561 Et
1461 4498 1624 4586 preterea
1665 4515 1730 4588 per
1770 4504 1956 4590 presentes
1988 4499 2158 4575 nolumus

608 4612 837 4712 cappellanos
866 4611 1122 4712 prebendarios
1149 4621 1188 4686 ct
1213 4612 1344 4686 fratres
1372 4638 1442 4712 que
1469 4625 1555 4689 ante
1581 4613 1719 4689 dictam
1745 4616 1995 4696 alterationem
2021 4627 2159 4723 provisi

609 4748 713 4814 erant
730 4748 767 4812 et
784 4737 852 4812 hoc
869 4761 1016 4837 presens
1032 4749 1200 4812 nostrum
1216 4737 1517 4813 infeofamentum
1532 4740 1748 4839 preludicari
1766 4744 1830 4817 sed
1846 4769 2070 4825 reservamus
2087 4752 2160 4827 illis

608 4890 717 4940 vsum
742 4863 922 4938 dictorum
946 4865 1131 4940 fructuum
1152 4866 1307 4940 durante
1333 4891 1457 4941 eorum
1474 4867 1552 4942 vita
1568 4877 1715 4942 tantum
1766 4869 1816 4945 Et
1840 4869 1908 4945 hoe
1925 4873 2026 4950 nullo
2051 4877 2160 4953 modo

609 4989 788 5066 omittatis
838 4989 899 5064 Ad
933 4991 1031 5090 quod
1060 4991 1267 5066 faciendum
1295 4991 1400 5066 vobis
1431 5000 1468 5064 et
1496 5001 1661 5068 vestrum
1691 4995 1840 5072 cuilibet
1869 5000 2091 5077 coniunctim
2121 5013 2160 5078 11

609 5116 757 5191 divisim
779 5114 1054 5190 vicecomitibus
1079 5116 1213 5190 nostris
1230 5116 1275 5190 de
1292 5115 1360 5190 Air
1375 5115 1416 5188 in
1437 5115 1506 5190 hec
1521 5127 1625 5215 parte
1651 5123 1914 5199 committimus
1940 5137 2160 5225 potestatem

609 5241 748 5320 Datum
766 5240 833 5316 sub
850 5239 1060 5316 testimonio
1076 5241 1191 5314 nostri
1207 5241 1332 5340 magni
1349 5240 1459 5340 sigilli
1509 5242 1621 5342 Apud
1643 5245 1858 5350 Edinburgh
1875 5250 2015 5328 decimo
2032 5266 2162 5354 quarto

610 5367 670 5444 die
682 5368 816 5442 mensis
829 5367 966 5467 Aprilis
983 5392 1079 5442 anno
1097 5365 1238 5440 domini
1252 5363 1443 5440 millesimo
1461 5367 1750 5470 quingentesimo
1767 5375 1990 5475 sexagesimo
2006 5381 2161 5479 septimo
