5138 6694
677 828 896 894 6111111116
918 827 971 892 61
993 826 1249 892 1111111116
1271 826 1517 890 rumenam
1540 825 1593 892 or
1614 809 1708 890 rra
1760 925 1764 932 .
1928 831 1968 893 61

417 1015 629 1092 confirmare
646 1016 790 1090 dilectis
806 1015 939 1090 nostris
955 1013 980 1088 J
981 1013 1116 1088 ohanni
1133 1012 1234 1086 Blair
1250 1013 1295 1087 16
1318 1012 1460 1087 Middel
1478 1013 1757 1090 Auchindrane1
1775 1025 1813 1091 61
1829 1013 1968 1092 Helene

418 1139 594 1218 Cathcart
628 1142 706 1217 eius
740 1167 871 1239 sponse
900 1141 940 1214 in
974 1140 1170 1214 coniuncta
1198 1137 1444 1213 infeodatione
1475 1149 1512 1214 61
1542 1165 1668 1214 eorum
1697 1141 1802 1216 alteri
1832 1141 1969 1217 diutius

417 1267 560 1342 viventi
593 1266 858 1364 heredibusque
891 1264 1061 1339 masculis
1091 1265 1189 1337 inter
1221 1265 1319 1363 ipsos
1352 1264 1534 1364 legittime
1563 1267 1760 1364 procreatis
1790 1293 1854 1342 661
1887 1293 1970 1366 pro-

419 1392 583 1467 creandis
600 1391 742 1481 Quibus
767 1391 860 1467 ferte
888 1390 1142 1466 deficientibus
1171 1391 1236 1464 uni
1261 1390 1387 1464 heredi
1412 1389 1556 1464 femella
1584 1401 1622 1463 et
1648 1391 1721 1464 illis
1748 1391 1847 1490 quod
1874 1392 1969 1467 absit

419 1517 670 1594 deficientibus
687 1516 881 1592 heredibus
899 1515 1068 1591 masculis
1086 1515 1146 1589 vel
1159 1516 1225 1590 uni
1237 1515 1380 1590 femelle
1398 1515 1488 1590 dicti
1504 1515 1530 1590 J
1530 1515 1683 1590 ohannis
1697 1516 1970 1620 quibuscunque

419 1644 554 1718 Totum
571 1654 609 1718 et
625 1643 808 1743 integrum
825 1651 1077 1717 tenementum
1094 1651 1257 1714 nostrum
1277 1653 1362 1715 ante
1386 1651 1423 1716 et
1447 1651 1543 1715 retro
1570 1665 1653 1714 curn
1676 1641 1782 1715 horto
1809 1643 1970 1718 eiusdem

416 1769 541 1868 jacens
557 1770 652 1844 11116
669 1768 826 1869 burgum
844 1766 1029 1842 16111111
1046 1767 1126 1841 vieo
1143 1766 1335 1866 principali
1353 1766 1443 1840 dicti
1469 1766 1575 1866 burgi
1601 1793 1645 1840 ex
1671 1778 1776 1866 parte
1804 1769 1971 1844 orientali

420 1896 511 1970 dicti
543 1896 617 1970 vici
659 1895 755 1969 inter
788 1901 1037 1968 tenementum
1071 1891 1247 1966 Willelmi
1281 1891 1498 1990 Bannatyne
1532 1917 1577 1965 611
1610 1901 1715 1990 parte
1757 1892 1893 1968 boreali
1935 1904 1972 1969 et

420 2047 650 2097 communem
683 2030 828 2119 portam
862 2019 1078 2093 anteriorem
1104 2017 1195 2092 dicti
1220 2017 1334 2091 nostri
1371 2017 1441 2091 loci
1467 2027 1505 2092 et
1529 2019 1725 2092 transitum
1752 2045 1824 2119 quo
1849 2021 1972 2096 itura

421 2148 521 2222 dicta
536 2157 643 2246 porta
665 2145 712 2220 ad
738 2143 925 2220 ecclesiam
951 2144 1134 2218 stlocum
1159 2153 1325 2217 nostrum
1351 2169 1397 2216 611
1422 2154 1526 2242 parte
1552 2145 1701 2219 australi
1729 2155 1766 2220 et
1789 2146 1972 2244 prefatum

421 2275 546 2348 vicum
563 2299 609 2346 ex
626 2281 730 2371 parte
747 2269 962 2345 occidentali
980 2283 1017 2344 et
1034 2269 1252 2344 cimiterium
1270 2279 1436 2342 nostrum
1454 2295 1498 2344 ex
1523 2280 1626 2368 parte
1654 2270 1820 2346 orientali
1849 2273 1970 2362 Quod·

423 2398 571 2497 quidem
588 2405 840 2470 tenementum
858 2393 1021 2468 continet
1037 2395 1076 2466 in
1093 2393 1290 2468 latitudine
1307 2393 1438 2468 frontis
1455 2395 1643 2469 anterioris
1659 2396 1852 2472 tresdecim
1868 2397 1973 2474 ulnas

423 2549 465 2599 66
482 2522 680 2597 1111611611
696 2520 822 2596 ulnam
840 2529 878 2594 et
894 2520 933 2593 in
950 2519 1146 2593 latitudine
1164 2518 1277 2593 caude
1294 2545 1358 2593 661
1374 2518 1473 2594 horti
1491 2520 1652 2594 eiusdem
1673 2521 1843 2596 undecim
1867 2523 1973 2599 ulnas

423 2659 460 2723 61
477 2659 597 2723 totum
622 2657 873 2722 tenementum
900 2671 983 2720 cum
1008 2645 1113 2719 horto
1140 2647 1302 2720 continet
1318 2645 1358 2720 in
1374 2644 1604 2746 longitudine
1629 2646 1871 2747 quadraginta
1900 2660 1975 2726 tres

422 2777 529 2850 11166
571 2773 783 2848 Tenendum
811 2782 849 2846 et
865 2769 1074 2845 habendum
1099 2781 1222 2844 totum
1247 2781 1285 2845 et
1308 2771 1493 2872 integrum
1515 2770 1699 2870 prefatum
1724 2783 1973 2851 tenementum

423 2911 534 3000 prout
546 2899 646 2999 jacet
663 2899 703 2972 in
719 2897 949 2997 longitudine
967 2907 1004 2970 et
1021 2896 1218 2971 latitudine
1241 2905 1286 2970 ut
1309 2897 1526 2995 premissum
1551 2907 1607 2972 est
1633 2908 1720 2972 ante
1749 2909 1786 2973 et
1811 2909 1907 2976 retro
1935 2903 1974 2977 in

422 3027 543 3101 fronte
561 3034 599 3098 et
616 3023 733 3098 66116
749 3049 833 3096 cum
851 3021 1020 3098 omnibus
1038 3031 1076 3096 ct
1100 3021 1255 3122 singulis
1280 3023 1355 3096 suis
1379 3023 1613 3122 pertinenciis
1638 3023 1789 3122 prefatis
1814 3024 1976 3102 Johanni

424 3151 524 3226 Blair
541 3161 579 3223 et
597 3149 736 3223 Helene
755 3147 926 3222 Cathcart
943 3148 1020 3222 eius
1037 3171 1167 3245 sponse
1183 3147 1223 3220 in
1245 3149 1437 3222 coniuncta
1453 3148 1697 3224 infeodatione
1713 3150 1977 3253 heredibusque

423 3275 633 3376 prescriptis
662 3274 719 3348 De
745 3271 850 3348 nobis
877 3283 915 3346 61
939 3272 1204 3347 successoribus
1234 3273 1371 3351 nostris
1397 3273 1437 3347 in
1463 3273 1669 3348 feudifirma
1694 3285 1732 3349 et
1760 3279 1977 3376 emphiteosi

423 3401 638 3477 hereditarie
668 3401 937 3499 imperpetuum
971 3424 1055 3472 cum
1090 3397 1259 3472 omnibus
1286 3408 1323 3473 et
1348 3399 1501 3498 singulis
1526 3399 1757 3475 libertatibus
1782 3407 1976 3480 commodi·

424 3529 564 3603 tatibus
581 3525 751 3625 proficuis
769 3535 806 3600 et
823 3525 1033 3598 asiamentis
1050 3551 1092 3598 66
1109 3524 1215 3598 116116
1233 3525 1309 3598 6116
1325 3525 1560 3622 pertinenciis
1587 3526 1874 3628 quibuscumque
1899 3541 1976 3607 tam

424 3681 499 3730 non
532 3652 730 3727 nominatis
764 3677 874 3750 quam
907 3651 1105 3724 nominatis
1135 3660 1212 3724 tam
1242 3650 1372 3724 subtus
1399 3661 1534 3726 terram
1564 3677 1675 3750 quam
1704 3677 1814 3751 supra
1842 3665 1977 3732 terram

423 3779 549 3880 procul
573 3789 610 3852 et
636 3801 748 3877 prope
775 3776 823 3851 ad
849 3775 1055 3875 predictum
1082 3785 1333 3850 tenementum
1361 3802 1443 3852 cum
1471 3777 1704 3875 pertinenciis
1731 3783 1978 3878 spectantibus

426 3933 488 3982 seu
505 3906 600 3980 iuste
617 3913 780 4003 spectare
797 3902 1004 3977 valentibus
1022 3901 1293 4001 quomodolibet
1310 3903 1349 3976 in
1366 3902 1534 3978 futurum
1552 3903 1663 3978 libere
1681 3905 1802 4004 quiete
1818 3907 1978 4004 plenarie

425 4033 566 4132 integre
583 4027 778 4104 honorifice
793 4027 885 4103 bene
903 4038 941 4102 et
958 4029 997 4101 iu
1014 4053 1103 4126 pace
1126 4027 1203 4101 sine
1228 4027 1468 4103 retinemento
1492 4029 1721 4105 revocatione
1746 4043 1812 4106 aut
1837 4045 1978 4111 eontra-

424 4159 585 4234 dictione
607 4179 834 4255 quacumque
860 4164 898 4228 et
914 4151 1004 4228 adeo
1027 4153 1139 4228 libere
1160 4153 1255 4228 siout
1272 4153 1421 4252 aliquod
1442 4165 1693 4230 tenementum
1711 4157 1808 4232 intra
1825 4185 1978 4258 regnum

426 4284 547 4360 Scotie
565 4281 673 4357 alicui
690 4305 755 4378 per
779 4279 937 4378 aliquem
959 4278 1110 4353 liberius
1136 4278 1246 4352 datur
1271 4277 1483 4353 conceditur
1510 4305 1573 4354 661
1598 4281 1647 4355 ad
1670 4281 1915 4360 feudifirmam
1940 4299 1978 4364 et

426 4407 682 4508 emphiteosim
699 4405 901 4480 dimittitur
926 4413 991 4478 611
1016 4404 1095 4478 dari
1120 4403 1269 4478 concedi
1299 4415 1363 4478 611
1389 4404 1632 4480 feudifirmam
1659 4417 1698 4480 et
1724 4409 1978 4507 emphiteosim

427 4533 567 4608 dimitti
583 4531 720 4629 poterit
743 4529 1054 4629 qualitercumque
1079 4528 1118 4601 in
1143 4528 1310 4603 11111111
1336 4528 1536 4605 Reddenda
1562 4531 1649 4606 inde
1673 4536 1864 4610 annuatim
1889 4538 1980 4616 dicti

425 4658 450 4734 J
452 4658 612 4732 ohannes
646 4665 684 4730 61
725 4655 867 4729 Η61616
900 4678 1096 4752 eorumque
1131 4653 1223 4731 alter
1264 4654 1403 4729 diutius
1436 4656 1566 4730 vivens
1600 4657 1819 4758 heredesque
1853 4689 1977 4741 eorum

427 4782 619 4884 prescripti
636 4781 825 4855 servitium
841 4779 948 4879 burgi
966 4778 1130 4853 debitum
1157 4789 1194 4854 et
1220 4791 1433 4855 consuetum
1459 4791 1497 4856 et
1522 4782 1627 4858 nobis
1653 4795 1691 4858 et
1716 4789 1979 4866 successoribus

426 4909 560 4985 nostris
592 4907 705 5006 priori
734 4915 771 4980 et
801 4906 997 4980 conventui
1030 4905 1201 4980 Fratrum
1236 4904 1507 4982 Predicatorum
1541 4907 1587 4983 de
1615 4908 1684 4983 Air
1716 4936 1782 5009 pro
1816 4923 1978 5014 tempore

427 5033 670 5111 existentibus
687 5056 752 5106 sex
767 5055 905 5105 memes
921 5031 1058 5106 usualis
1074 5040 1218 5106 monete
1234 5032 1339 5130 regni
1357 5032 1478 5109 Scotie
1503 5035 1551 5109 ad
1576 5034 1667 5110 duos
1693 5038 1781 5112 anni
1806 5042 1979 5118 terminos

428 5171 617 5236 consuetos
633 5159 728 5232 festa
744 5155 916 5231 videlicet
932 5155 1188 5232 Penthecostes
1206 5167 1243 5233 et
1259 5158 1377 5232 sancti
1393 5159 1548 5234 Martini
1558 5161 1600 5235 in
1613 5161 1745 5261 hyeme
1758 5189 1823 5262 per
1835 5168 1979 5265 equales

427 5287 567 5362 medias
592 5285 776 5385 portiones
793 5281 940 5356 nomine
956 5281 1162 5358 feudifirme
1178 5292 1326 5358 tantum
1342 5309 1409 5382 pro
1435 5287 1535 5360 omni
1560 5287 1631 5363 alio
1659 5315 1766 5365 onere
1791 5295 1979 5370 6116611616

771 5428 1168 5509 ι1616111111Ι1’1’11(>1,1]6,111(1
1183 5433 1407 5512 camoque,
1421 5439 1474 5496 vol
1488 5439 1557 5514 iip.
1572 5445 1639 5498 sta.

1192 5561 1214 5614 ο
