5138 6694
669 786 889 852 OHARTERS
911 787 964 852 OF
985 787 1070 851 THE
1091 787 1242 852 FRIARS
1263 785 1509 850 PREAOHERS
1531 783 1584 849 OF
1605 782 1702 848 AYR
1918 787 1956 848 sl

1082 1021 1285 1100 Aesrsacr.

484 1203 651 1280 Notarial
676 1228 771 1302 copy
788 1201 830 1277 of
851 1198 954 1276 Brief
975 1198 1025 1298 by
1041 1197 1140 1298 Pope
1165 1198 1240 1274 Leo
1265 1199 1330 1275 the
1354 1199 1483 1292 Teuth,
1500 1211 1539 1276 to
1564 1200 1628 1276 the
1652 1208 1790 1274 master
1813 1198 1958 1299 general

409 1330 484 1408 and
495 1331 601 1406 friam
617 1329 658 1405 of
667 1329 730 1404 the
743 1327 936 1402 Prodicent
948 1325 1063 1414 order,
1081 1325 1254 1425 granting
1264 1335 1304 1400 to
1320 1325 1432 1416 them,
1447 1351 1496 1400 on
1509 1326 1573 1401 the
1584 1335 1730 1426 nequest
1743 1324 1784 1400 of
1797 1324 1956 1418 Nicolas‚

408 1457 538 1556 bishop
563 1454 604 1530 of
625 1453 731 1544 Alba,
752 1453 913 1528 cardinal
936 1461 1121 1551 protector
1147 1451 1188 1526 of
1210 1450 1273 1527 the
1298 1451 1377 1527 said
1402 1451 1516 1543 order,
1540 1452 1678 1528 similar
1699 1451 1893 1552 privileges
1917 1462 1958 1528 to

408 1583 513 1660 those
530 1579 685 1681 enjoyed
701 1581 752 1680 by
768 1578 833 1654 the
850 1577 970 1652 Friars
996 1575 1137 1652 Minore
1153 1576 1193 1650 in
1210 1577 1339 1676 regard
1363 1587 1403 1652 to
1428 1577 1492 1652 the
1517 1577 1734 1653 observante
1760 1575 1802 1652 of
1822 1578 1959 1653 certain

408 1709 503 1786 feast
519 1708 610 1808 days
630 1707 671 1782 in
686 1716 805 1782 towns
830 1729 871 1778 or
895 1703 1017 1802 places
1036 1701 1154 1778 under
1176 1701 1430 1778 ecclesiastical
1455 1703 1628 1778 interdict
1638 1729 1649 1792 3
1675 1729 1715 1779 so
1732 1703 1814 1780 that
1830 1729 1879 1782 on
1895 1707 1959 1782 the

409 1833 521 1910 feasts
534 1833 574 1908 of
594 1832 657 1908 Sta
670 1830 852 1920 Dominio,
870 1827 979 1904 Peter
992 1827 1146 1926 Martyr,
1164 1827 1321 1903 Thomas
1336 1827 1514 1929 Aquinas,
1533 1828 1604 1904 end
1623 1827 1794 1923 Vincent,
1811 1832 1885 1906 and
1903 1832 1956 1910 St.

409 1957 602 2035 (letherius
614 1955 655 2032 of
669 1955 788 2045 Siena,
807 1954 913 2029 when
924 1952 1014 2052 they
1032 1952 1163 2028 should
1175 1978 1282 2028 occur
1297 1954 1337 2028 in
1354 1953 1443 2028 such
1459 1964 1577 2029 towns
1590 1980 1631 2028 or
1641 1955 1772 2054 places,
1786 1956 1817 2032 it
1829 1958 1960 2036 should

409 2083 455 2160 be
474 2081 598 2158 lawful
615 2093 654 2158 to
672 2080 851 2158 celebrate
867 2079 992 2156 divine
1008 2079 1145 2154 service
1161 2079 1201 2154 in
1226 2079 1289 2154 the
1307 2079 1481 2155 churches
1498 2080 1540 2154 of
1560 2080 1625 2156 the
1642 2091 1818 2158 convente
1834 2083 1876 2159 of
1895 2085 1960 2162 the

410 2209 531 2286 Friars
555 2207 759 2297 Preacbers,
775 2206 840 2280 the
856 2204 948 2280 bells
964 2203 1074 2305 being
1090 2229 1185 2304 rung
1202 2203 1276 2280 and
1301 2204 1364 2280 the
1390 2205 1495 2281 doors
1515 2206 1664 2305 opened,
1680 2205 1750 2282 but
1766 2208 1961 2311 excluding

410 2335 516 2412 those
532 2334 614 2409 who
630 2359 725 2408 vere
740 2330 948 2431 personally
960 2329 1179 2404 interdicted
1195 2356 1237 2405 or
1253 2331 1599 2406 excommunicated.
1645 2331 1764 2410 Given
1781 2347 1821 2414 at
1834 2337 1959 2432 Rome,

410 2470 451 2537 et
468 2459 512 2536 St
528 2458 675 2552 Peter's,
693 2457 811 2533 under
826 2455 890 2532 the
906 2456 990 2557 ring
1007 2454 1048 2530 of
1060 2455 1124 2530 the
1141 2454 1363 2547 Fisherman‚
1382 2456 1457 2531 23d
1471 2456 1497 2531 J
1498 2456 1563 2556 uly
1582 2463 1691 2536 1518.

413 2819 471 2894 58.
499 2809 631 2888 Sasine
648 2807 690 2886 ia
702 2807 847 2910 favour
872 2807 993 2910 ostltc
1018 2807 1155 2885 Friorc
1173 2809 1390 2904 Prcacbcra
1408 2809 1455 2912 of
1472 2810 1531 2886 rte
1564 2811 1752 2890 Wollcmill
1774 2813 1963 2920 bcbapiop

563 2949 599 3010 to
628 2933 758 3010 Adam
792 2933 958 3011 Wallooc
986 2935 1033 3035 of
1053 2934 1243 3026 Newtouo,
1274 2933 1376 3035 lpioq
1402 2937 1446 3012 io
1469 2937 1527 3014 tte
1553 2936 1775 3040 Borowfleld
1801 2942 1847 3043 (ff
1867 2942 1961 3044 ΑΨ.

561 3057 720 3166 -[29tt
735 3060 929 3160 Febmtory
949 3055 1077 3162 1524]

489 3269 534 3345 In
552 3268 622 3344 Dei
638 3267 785 3343 nomine
801 3265 942 3342 Amen:
969 3264 1040 3341 Per
1056 3265 1124 3340 hoc
1149 3289 1293 3366 presens
1308 3263 1496 3364 publicum
1521 3263 1806 3346 instrumentum
1823 3273 1964 3350 cunctis

413 3405 538 3498 pateat
555 3394 744 3470 evidenter
761 3404 798 3469 et
815 3393 864 3468 sit
880 3401 1012 3466 notum
1034 3390 1132 3491 quod
1157 3415 1254 3466 anno
1279 3391 1541 3467 incarnacionis
1558 3392 1749 3470 Dominiee
1771 3395 1964 3476 millesimo

413 3521 705 3622 quingentesimo
721 3518 892 3595 vicesimo
909 3525 1039 3616 quarto
1056 3515 1116 3591 die
1131 3542 1218 3592 vero
1234 3516 1370 3591 mensis
1394 3516 1579 3617 Februarij
1609 3519 1738 3596 ultimo
1763 3522 1965 3600 indiccione

413 3647 554 3724 decima
580 3645 693 3721 tercia
721 3643 957 3745 pontificatus
986 3641 1206 3717 sanctissimi
1230 3641 1271 3716 in
1298 3640 1442 3717 Christo
1471 3644 1585 3742 patris
1611 3671 1654 3720 ac
1681 3645 1821 3723 domini
1849 3649 1966 3728 nostri

414 3771 555 3848 domini
585 3769 782 3845 Clementis
812 3769 938 3844 divina
961 3767 1197 3868 providencia
1224 3791 1318 3866 pape
1343 3767 1491 3866 septimi
1517 3795 1612 3845 anno
1637 3773 1795 3848 secundo
1824 3773 1864 3850 in
1894 3777 1967 3852 mei

414 3898 547 3976 notarii
571 3895 709 3996 publici
727 3906 764 3971 et
780 3895 933 3970 testium
957 3894 1241 3993 subscriptorum
1265 3895 1462 3993 presenciis
1485 3895 1722 3995 personaliter
1747 3901 1968 3979 constitutus

414 4023 535 4100 Adam
561 4021 721 4096 Wallace
747 4020 794 4096 de
820 4019 1004 4096 Newtoun
1031 4019 1286 4094 aldermannus
1312 4018 1358 4095 de
1384 4019 1472 4096 Aire
1487 4047 1553 4121 pro
1578 4031 1740 4122 tempore
1756 4049 1830 4100 non
1847 4025 1969 4105 vient

414 4161 517 4226 metu
534 4147 668 4223 ductus
692 4171 760 4221 nec
787 4171 903 4222 errore
929 4145 1052 4246 lapsus
1079 4171 1143 4220 seu
1170 4145 1254 4220 dolo
1282 4146 1552 4222 circumventus
1579 4147 1643 4222 sed
1669 4173 1736 4224 sua
1761 4175 1860 4226 mera
1876 4177 1969 4252 pura

415 4273 528 4351 libere
557 4285 595 4349 et
625 4283 826 4373 spontanea
858 4271 1048 4346 voluntate
1075 4295 1117 4345 ac
1144 4269 1375 4370 utilitateque
1402 4297 1469 4346 sua
1494 4272 1596 4370 prius
1629 4272 1790 4374 undique
1823 4275 1970 4354 visset

414 4410 568 4501 pensate
595 4409 718 4474 totum
732 4397 782 4474 'et
805 4399 990 4498 integrum
1019 4421 1125 4470 suum
1154 4393 1405 4471 molendinum
1433 4396 1707 4476 fullonatorium
1732 4401 1904 4478 videlicet
1928 4403 1970 4504 ly

415 4525 618 4624 Walkmyll
635 4551 718 4600 cum
734 4523 968 4625 pertinenciis
984 4522 1104 4622 quoad
1122 4519 1270 4596 feodum
1295 4521 1456 4596 eiusdem
1477 4523 1603 4622 jacens
1628 4525 1723 4602 intra
1747 4528 1972 4605 territorium

416 4653 508 4731 dicti
534 4651 640 4752 burgi
660 4652 699 4725 in
723 4651 765 4750 ly
789 4647 1006 4725 Borovfeild
1028 4645 1190 4722 eiusdem
1217 4647 1353 4748 Kingis
1380 4647 1478 4746 Kyle
1501 4661 1539 4724 et
1563 4650 1659 4726 infra
1675 4651 1968 4732 vicecomitatum

417 4779 463 4855 de
480 4778 567 4853 Aire
583 4777 679 4852 inter
695 4787 809 4851 terras
826 4775 872 4850 de
889 4771 1113 4873 Holmyshill
1130 4772 1176 4847 ab
1193 4797 1268 4847 una
1284 4783 1321 4848 et
1338 4799 1469 4874 equam
1486 4774 1532 4850 de
1548 4775 1636 4852 Aire
1653 4777 1699 4853 ab
1716 4777 1830 4855 altera
1854 4783 1967 4880 perti·

416 4905 485 4980 bus
508 4905 548 4978 in
564 4901 733 4977 manibus
749 4900 895 5002 providi
919 4899 990 4974 viri
1015 4899 1162 4974 Ricardi
1187 4897 1280 4975 Reid
1304 4901 1414 4975 unius
1441 4900 1659 4979 ballivorum
1684 4903 1775 4980 dicti
1799 4905 1907 5008 burgi
1924 4907 1970 4984 de

416 5030 505 5106 Aire
522 5055 588 5130 pro
604 5039 767 5127 tempore
785 5051 943 5100 unacum
959 5025 1118 5125 quadam
1133 5025 1236 5124 pecia
1251 5035 1345 5101 terre
1371 5025 1471 5102 dicto
1495 5027 1704 5105 molendino
1729 5041 1916 5130 spectante
1933 5045 1972 5110 et

417 5157 623 5256 pertinente
646 5163 685 5228 et
701 5151 854 5252 piscarie
879 5150 1082 5225 salmonum
1100 5149 1147 5225 de
1170 5149 1283 5225 crocis
1299 5150 1340 5224 in
1362 5150 1400 5249 ly
1418 5151 1582 5250 myldem
1599 5153 1761 5230 eiusdem
1781 5181 1847 5255 per
1863 5157 1973 5236 fustis

417 5297 456 5362 et
473 5284 593 5360 baculi
610 5279 849 5358 tradicionem
866 5287 909 5351 ut
925 5275 1035 5350 moris
1060 5287 1116 5350 est
1133 5301 1276 5351 sursum
1300 5275 1461 5352 reddidit
1486 5303 1647 5378 pureque
1665 5290 1703 5356 et
1718 5281 1933 5382 simpliciter
1949 5309 1972 5360 a

417 5435 457 5487 se
474 5419 512 5486 et
527 5405 721 5484 heredibus
739 5403 816 5480 suis
840 5425 907 5502 pro
932 5401 1159 5500 imperpetuo
1176 5402 1377 5503 resignavit
1401 5413 1439 5479 et
1455 5403 1524 5478 hoc
1546 5405 1585 5478 in
1610 5403 1772 5482 favorem
1800 5407 1972 5487 Fratrum
