5138 6694
590 813 651 874 116
846 803 1065 870 OHARTERS
1088 801 1141 867 OF
1162 801 1247 865 THE
1268 799 1419 864 FRIARS
1440 795 1686 864 PREAOHERS
1708 797 1762 863 OF
1782 797 1877 860 AYR.

588 1028 653 1102 per
669 1001 812 1076 firmam
830 999 920 1074 dicti
937 997 1043 1098 burgi
1068 997 1114 1071 de
1130 995 1294 1096 predicto
1320 993 1478 1068 termino
1495 992 1646 1068 Summa
1663 1001 1767 1090 patet
1782 990 1839 1066 De
1855 1016 1929 1091 qua
1952 990 2140 1066 Fratribus

589 1125 882 1202 Predicatoribus
916 1123 962 1199 de
995 1124 1068 1198 Are
1106 1122 1146 1196 in
1183 1131 1326 1220 partem
1359 1120 1484 1195 decem
1516 1118 1691 1194 librarum
1724 1119 1777 1193 eis
1810 1142 2060 1193 concessarum
2094 1143 2140 1194 ex

590 1253 785 1328 elemosina
808 1252 902 1350 regis
920 1275 1041 1325 annua
1063 1274 1129 1348 pro
1155 1247 1422 1323 sustentaoione
1448 1271 1513 1320 sua
1538 1255 1576 1320 11
1601 1244 1777 1320 domuum
1797 1269 1945 1320 suarum
1962 1243 2008 1320 de
2024 1243 2140 1320 firmis

590 1378 878 1454 molendinorum
895 1375 1035 1452 domini
1051 1375 1147 1475 regis
1164 1374 1241 1449 sive
1258 1373 1304 1448 de
1320 1373 1434 1447 firmis
1451 1371 1557 1471 burgi
1574 1369 1635 1446 ix*i
1652 1371 1733 1470 111]Ι
1752 1367 1837 1470 iiijd.

1127 1687 1432 1793 [11111111.
1490 1685 1616 1788 1111]

668 1869 891 1970 Oompotum
914 1868 1181 1969 prepositorum
1206 1865 1313 1966 burgi
1331 1864 1376 1939 de
1392 1863 1467 1940 llre
1491 1864 1677 1939 redditum
1694 1863 1794 1964 apud
1810 1863 1944 1939 Dunde
1961 1873 2064 1939 sexto
2081 1863 2142 1940 die

592 1995 752 2098 Augusti
769 2022 866 2071 anno
891 1995 1010 2096 gracie
1035 1989 1170 2094 [1343]
1194 2017 1259 2091 per
1274 1990 1300 2065 J
1300 1989 1480 2066 ohannem
1496 1990 1667 2066 clericum
1693 2000 1731 2064 et
1749 1989 1953 2065 Walterum
1972 1989 2017 2065 de
2033 1989 2142 2065 Abir-

593 2123 705 2224 dalgy
721 2123 916 2222 burgenses
933 2121 1022 2196 dicti
1039 2118 1146 2218 burgi
1163 2117 1209 2192 de
1225 2117 1379 2216 receptis
1396 2117 1471 2191 suis
1488 2127 1525 2192 et
1542 2093 1708 2216 expensis
1725 2116 1912 2191 firmarum
1928 2116 2020 2192 dicti
2035 2115 2143 2216 burgi

593 2249 640 2324 de
656 2249 799 2324 duobus
819 2247 985 2323 terminis
1022 2305 1031 2324 .
1073 2301 1081 2319 .
1124 2303 1132 2321 .
1174 2243 1224 2318 Et
1248 2241 1435 2317 Fratribus
1460 2241 1751 2317 Predicatoribus
1767 2242 1813 2318 de
1829 2241 1903 2317 Are
1927 2241 1974 2316 de
1990 2252 2143 2342 utroque

593 2373 751 2449 termino
766 2371 836 2450 ixii.

1120 2516 1428 2619 [v01.1.p.coa
1485 2517 1613 2620 rasa]

671 2725 891 2825 Oompotum
907 2723 1057 2800 Roberti
1071 2721 1171 2798 Smal
1188 2719 1407 2795 aldirmanni
1423 2718 1531 2819 burgi
1545 2718 1590 2794 de
1607 2718 1681 2794 Are
1693 2719 1877 2796 redditum
1894 2723 1993 2824 apud
2009 2723 2143 2802 Dunde

594 2854 661 2928 via
675 2852 812 2952 Aprilis
829 2851 976 2927 nomine
993 2849 1211 2925 ballivorum
1224 2845 1313 2922 dicti
1330 2845 1436 2944 burgi
1452 2870 1548 2919 anno
1565 2845 1705 2920 domini
1721 2846 1912 2924 millesimo
1929 2866 2032 2926 ece¹1¹⁰
2055 2851 2143 2926 1111ιιο

596 2977 641 3052 de
667 2977 820 3076 receptis
844 2977 919 3052 suis
945 2985 983 3050 et
1008 2973 1175 3073 expensis
1200 2972 1247 3047 de
1273 2971 1440 3046 omnibus
1465 2969 1556 3045 dicti
1580 2971 1686 3072 burgi
1711 2971 1824 3048 firmis
1850 3001 1872 3049 a
1896 2974 1991 3051 festo
2017 2976 2144 3054 Sancti

595 3101 750 3177 Martini
767 3103 854 3176 anni
866 3111 932 3178 etc.
948 3100 999 3174 lmi
1014 3125 1129 3198 usque
1145 3098 1241 3172 diem
1258 3096 1367 3170 huius
1384 3096 1543 3194 compoti
1560 3095 1733 3171 videlicet
1744 3121 1810 3196 per
1825 3099 1890 3173 xvi
1906 3101 2080 3177 terminos
2097 3102 2143 3178 In

595 3227 722 3327 primis
740 3238 865 3303 onerat
877 3253 915 3302 se
932 3250 997 3325 per
1013 3224 1135 3298 firmas
1152 3223 1243 3298 dicti
1260 3221 1366 3322 burgi
1383 3231 1546 3321 receptas
1563 3246 1628 3320 per
1644 3221 1761 3298 dictos
1773 3224 1955 3300 sexdecim
1970 3229 2145 3304 terminos

596 3352 642 3427 de
676 3347 788 3426 xxixt
813 3363 857 3429 ut
881 3362 985 3452 patet
1010 3347 1110 3450 [per]
1142 3349 1264 3423 literas
1293 3348 1570 3422 camerariorum
1595 3347 1640 3422 de
1666 3349 1894 3425 assedacione
1919 3351 2010 3427 dicti
2038 3354 2145 3455 burgi

596 3488 759 3554 ostensas
782 3504 890 3578 super
907 3491 1116 3579 compotum
1133 3503 1223 3578 quas
1246 3469 1357 3551 xxixfi
1374 3486 1561 3575 computat
1577 3501 1614 3551 se
1638 3476 1788 3552 solvisse
1804 3477 1991 3556 Fratribus
2008 3482 2053 3557 de
2071 3481 2144 3558 Are
2234 3482 2238 3488 ’

595 3629 662 3703 per
694 3605 818 3680 literas
842 3605 1085 3704 preceptorias
1115 3604 1296 3678 dictorum
1322 3603 1598 3678 camerariorum
1624 3603 1688 3702 qui
1717 3629 1783 3702 pro
1814 3614 1974 3704 tempore
1999 3606 2144 3684 fuerant

597 3742 758 3806 ostensas
792 3755 901 3829 super
934 3740 1143 3830 compotum
1173 3753 1331 3803 unacum
1363 3727 1478 3802 literis
1508 3727 1692 3802 dictorum
1724 3727 1906 3816 Fratrum,
1928 3723 1975 3808 de
1999 3745 2144 3834 recepto

596 3857 748 3932 ostensis
765 3882 872 3955 super
889 3867 1098 3955 compotum
1115 3855 1164 3956 Et
1180 3855 1231 3930 sic
1249 3879 1349 3954 eque.

1195 4105 1294 4208 [Vol.
1315 4107 1364 4184 ΙΙ.
1383 4135 1419 4209 p.
1441 4107 1546 4210 210]

675 4289 895 4389 Oompotum
921 4286 1112 4363 Michaelis
1137 4285 1183 4360 de
1210 4284 1433 4360 Schantharc
1451 4297 1489 4360 et
1505 4285 1586 4362 Ade
1604 4285 1715 4362 Stork
1740 4287 1958 4363 ballivorum
1974 4287 2081 4389 burgi
2097 4289 2144 4364 de

599 4413 673 4490 Are
689 4414 873 4489 redditum
894 4439 959 4513 per
973 4413 1179 4488 iohannem
1204 4410 1320 4485 filium
1338 4410 1491 4486 Walteri
1508 4412 1607 4510 apud
1624 4412 1736 4487 Perth
1757 4413 1896 4489 decimo
1914 4413 2069 4512 septimo
2086 4414 2145 4502 die

599 4538 763 4637 Januarij
792 4534 927 4638 [1365]
943 4537 989 4612 de
1015 4536 1182 4613 omnibus
1206 4535 1360 4634 receptis
1377 4537 1451 4610 suis
1478 4548 1516 4612 et
1542 4538 1709 4637 expensis
1732 4539 1778 4614 de
1802 4539 1916 4614 firmis
1933 4550 1971 4614 11
1986 4539 2145 4615 exitibus

600 4663 691 4738 dicti
716 4663 823 4762 burgi
847 4689 870 4737 a
894 4662 986 4738 festo
1013 4663 1140 4738 Sancti
1169 4662 1320 4736 Martini
1345 4657 1481 4762 [1364]
1505 4662 1687 4738 exclusive
1709 4689 1823 4762 usque
1846 4665 1885 4738 in
1915 4665 2013 4740 diem
2037 4667 2146 4740 huius

601 4788 761 4887 compoti
786 4798 824 4862 et
851 4789 903 4861 111
920 4787 965 4862 de
994 4788 1135 4863 duobus
1155 4787 1320 4862 terminis
1346 4787 1449 4862 Idem
1475 4799 1601 4862 onerat
1628 4814 1667 4863 se
1684 4787 1730 4864 de
1757 4789 1826 4889 111]Ι
1845 4788 1920 4890 iiijd
1935 4818 2000 4891 per
2024 4792 2145 4867 firmas

600 4913 691 4989 dicti
714 4913 821 5013 burgi
844 4912 890 4987 de
915 4911 1056 4987 duobus
1082 4913 1247 4987 terminis
1268 4911 1418 4987 Summa
1434 4925 1577 5012 recepte
1599 4924 1703 5013 patet
1729 4913 1785 4989 De
1809 4941 1881 5015 qua
1903 4929 2090 5018 computat
2108 4919 2147 4992 in

601 5039 782 5114 solucione
801 5038 900 5113 facta
925 5037 1113 5112 Fratribus
1138 5037 1429 5112 Predicatoribus
1454 5038 1501 5113 de
1517 5039 1591 5114 Are
1616 5041 1900 5140 percipientibus
1917 5044 2039 5119 firmas
2056 5045 2147 5119 dicti

600 5167 708 5266 burgi
732 5191 845 5265 usque
872 5164 919 5240 ad
944 5189 1125 5238 summam
1146 5163 1280 5263 viginti
1305 5189 1506 5238 marearum
1531 5176 1575 5239 ut
1599 5176 1704 5264 patet
1728 5193 1792 5265 per
1816 5168 1940 5243 literas
1965 5169 2146 5244 dictorum

602 5291 771 5366 Fratrum
787 5291 833 5365 de
850 5301 995 5392 recepto
1014 5300 1175 5365 ostensas
1193 5315 1300 5388 super
1326 5299 1534 5387 compotum
1552 5289 1597 5365 de
1615 5291 2147 5394 (111111111111111111111111111111]Ε

600 5416 687 5518 iiijd.
