<?xml version="1.0" encoding="UTF-8"?>
<!DOCTYPE html PUBLIC "-//W3C//DTD XHTML 1.0 Transitional//EN"
    "http://www.w3.org/TR/xhtml1/DTD/xhtml1-transitional.dtd">
<html xmlns="http://www.w3.org/1999/xhtml" xml:lang="en" lang="en">
 <head>
  <title>
</title>
<meta http-equiv="Content-Type" content="text/html;charset=utf-8" />
  <meta name='ocr-system' content='tesseract 3.04.00' />
  <meta name='ocr-capabilities' content='ocr_page ocr_carea ocr_par ocr_line ocrx_word'/>
</head>
<body>
  <div class='ocr_page' id='page_1' title='image "./munimentafratru00scotgoog_0076.png"; bbox 0 0 5142 6684; ppageno 0'>
   <div class='ocr_carea' id='block_1_1' title="bbox 623 803 1905 877">
    <p class='ocr_par' dir='ltr' id='par_1_1' title="bbox 623 803 1905 877">
     <span class='ocr_line' id='line_1_1' title="bbox 623 803 1905 877; baseline -0.006 0"><span class='ocrx_word' id='word_1_1' title='bbox 623 815 663 877; x_wconf 88' lang='lat'><strong>18</strong></span> <span class='ocrx_word' id='word_1_2' title='bbox 874 807 1093 874; x_wconf 66' lang='lat' dir='ltr'><strong>ommes</strong></span> <span class='ocrx_word' id='word_1_3' title='bbox 1115 807 1169 870; x_wconf 81' lang='lat' dir='ltr'><strong>OF</strong></span> <span class='ocrx_word' id='word_1_4' title='bbox 1189 807 1275 870; x_wconf 82' lang='lat' dir='ltr'><strong>THE</strong></span> <span class='ocrx_word' id='word_1_5' title='bbox 1295 806 1447 872; x_wconf 84' lang='lat' dir='ltr'><strong>FRIARS</strong></span> <span class='ocrx_word' id='word_1_6' title='bbox 1467 803 1715 870; x_wconf 77' lang='lat' dir='ltr'><strong>PRquuuus</strong></span> <span class='ocrx_word' id='word_1_7' title='bbox 1736 805 1789 870; x_wconf 83' lang='lat' dir='ltr'><strong>OF</strong></span> <span class='ocrx_word' id='word_1_8' title='bbox 1809 805 1905 870; x_wconf 69' lang='lat' dir='ltr'><strong>Aua</strong></span> 
     </span>
    </p>
   </div>
   <div class='ocr_carea' id='block_1_2' title="bbox 620 993 2166 1114">
    <p class='ocr_par' dir='ltr' id='par_1_2' title="bbox 620 993 2166 1114">
     <span class='ocr_line' id='line_1_2' title="bbox 620 993 2166 1114; baseline -0.004 -37"><span class='ocrx_word' id='word_1_9' title='bbox 620 1002 681 1078; x_wconf 89' lang='lat' dir='ltr'><strong>vel</strong></span> <span class='ocrx_word' id='word_1_10' title='bbox 697 1027 859 1077; x_wconf 91' lang='lat' dir='ltr'><strong>mearum</strong></span> <span class='ocrx_word' id='word_1_11' title='bbox 876 1027 899 1076; x_wconf 92' lang='lat' dir='ltr'><strong>a</strong></span> <span class='ocrx_word' id='word_1_12' title='bbox 914 1001 1015 1076; x_wconf 89' lang='lat' dir='ltr'><strong>dicta</strong></span> <span class='ocrx_word' id='word_1_13' title='bbox 1038 1000 1146 1074; x_wconf 91' lang='lat' dir='ltr'><strong>domo</strong></span> <span class='ocrx_word' id='word_1_14' title='bbox 1169 1009 1207 1074; x_wconf 92' lang='lat' dir='ltr'><strong>et</strong></span> <span class='ocrx_word' id='word_1_15' title='bbox 1231 1007 1414 1074; x_wconf 86' lang='lat' dir='ltr'><strong>conventu</strong></span> <span class='ocrx_word' id='word_1_16' title='bbox 1440 997 1579 1114; x_wconf 88' lang='lat' dir='ltr'><strong>aliquid</strong></span> <span class='ocrx_word' id='word_1_17' title='bbox 1604 997 1746 1098; x_wconf 80' lang='lat' dir='ltr'>exigere</span> <span class='ocrx_word' id='word_1_18' title='bbox 1770 1005 1955 1096; x_wconf 76' lang='lat' dir='ltr'><strong>presumat</strong></span> <span class='ocrx_word' id='word_1_19' title='bbox 1979 995 2050 1070; x_wconf 87' lang='lat' dir='ltr'><strong>nisi</strong></span> <span class='ocrx_word' id='word_1_20' title='bbox 2072 993 2166 1070; x_wconf 77' lang='lat' dir='ltr'><strong>solas</strong></span> 
     </span>
    </p>
   </div>
   <div class='ocr_carea' id='block_1_3' title="bbox 622 1119 2180 5492">
    <p class='ocr_par' dir='ltr' id='par_1_3' title="bbox 622 1119 2180 5492">
     <span class='ocr_line' id='line_1_3' title="bbox 622 1119 2167 1223; baseline -0.006 -18"><span class='ocrx_word' id='word_1_21' title='bbox 622 1131 805 1205; x_wconf 75' lang='lat' dir='ltr'>oraciones</span> <span class='ocrx_word' id='word_1_22' title='bbox 838 1128 886 1203; x_wconf 90' lang='lat' dir='ltr'><strong>ad</strong></span> <span class='ocrx_word' id='word_1_23' title='bbox 915 1127 1070 1202; x_wconf 86' lang='lat' dir='ltr'><strong>salutem</strong></span> <span class='ocrx_word' id='word_1_24' title='bbox 1094 1127 1299 1200; x_wconf 88' lang='lat' dir='ltr'><strong>animarum</strong></span> <span class='ocrx_word' id='word_1_25' title='bbox 1328 1125 1379 1200; x_wconf 85' lang='lat' dir='ltr'><strong>Et</strong></span> <span class='ocrx_word' id='word_1_26' title='bbox 1407 1123 1561 1223; x_wconf 84' lang='lat' dir='ltr'>predicti</span> <span class='ocrx_word' id='word_1_27' title='bbox 1589 1123 1720 1198; x_wconf 85' lang='lat' dir='ltr'><strong>fratres</strong></span> <span class='ocrx_word' id='word_1_28' title='bbox 1753 1133 1791 1198; x_wconf 92' lang='lat' dir='ltr'><strong>et</strong></span> <span class='ocrx_word' id='word_1_29' title='bbox 1820 1132 2021 1200; x_wconf 87' lang='lat' dir='ltr'><strong>conventus</strong></span> <span class='ocrx_word' id='word_1_30' title='bbox 2053 1119 2167 1196; x_wconf 92' lang='lat' dir='ltr'><strong>michi</strong></span> 
     </span>
     <span class='ocr_line' id='line_1_4' title="bbox 622 1247 2167 1354; baseline -0.008 -21"><span class='ocrx_word' id='word_1_31' title='bbox 622 1267 875 1334; x_wconf 89' lang='lat' dir='ltr'><strong>concesserunt</strong></span> <span class='ocrx_word' id='word_1_32' title='bbox 892 1257 931 1330; x_wconf 89' lang='lat' dir='ltr'><strong>in</strong></span> <span class='ocrx_word' id='word_1_33' title='bbox 948 1265 1051 1354; x_wconf 87' lang='lat' dir='ltr'><strong>parte</strong></span> <span class='ocrx_word' id='word_1_34' title='bbox 1067 1253 1346 1330; x_wconf 90' lang='lat' dir='ltr'><strong>sustentacionis</strong></span> <span class='ocrx_word' id='word_1_35' title='bbox 1371 1279 1451 1328; x_wconf 91' lang='lat' dir='ltr'><strong>mee</strong></span> <span class='ocrx_word' id='word_1_36' title='bbox 1476 1279 1600 1328; x_wconf 91' lang='lat' dir='ltr'><strong>omnes</strong></span> <span class='ocrx_word' id='word_1_37' title='bbox 1622 1251 1803 1352; x_wconf 87' lang='lat' dir='ltr'><strong>predictas</strong></span> <span class='ocrx_word' id='word_1_38' title='bbox 1819 1261 1931 1325; x_wconf 88' lang='lat' dir='ltr'><strong>terras</strong></span> <span class='ocrx_word' id='word_1_39' title='bbox 1948 1259 1985 1323; x_wconf 89' lang='lat' dir='ltr'><strong>et</strong></span> <span class='ocrx_word' id='word_1_40' title='bbox 2001 1247 2167 1323; x_wconf 86' lang='lat' dir='ltr'><strong>redditus</strong></span> 
     </span>
     <span class='ocr_line' id='line_1_5' title="bbox 622 1371 2168 1480; baseline -0.008 -22"><span class='ocrx_word' id='word_1_41' title='bbox 622 1385 796 1458; x_wconf 78' lang='lat' dir='ltr'><strong>annuales</strong></span> <span class='ocrx_word' id='word_1_42' title='bbox 821 1407 904 1458; x_wconf 91' lang='lat' dir='ltr'><strong>cum</strong></span> <span class='ocrx_word' id='word_1_43' title='bbox 926 1381 1089 1480; x_wconf 90' lang='lat' dir='ltr'><strong>predicta</strong></span> <span class='ocrx_word' id='word_1_44' title='bbox 1113 1379 1267 1478; x_wconf 89' lang='lat' dir='ltr'><strong>piscaria</strong></span> <span class='ocrx_word' id='word_1_45' title='bbox 1290 1388 1371 1452; x_wconf 92' lang='lat' dir='ltr'><strong>toto</strong></span> <span class='ocrx_word' id='word_1_46' title='bbox 1395 1389 1557 1477; x_wconf 90' lang='lat' dir='ltr'><strong>tempore</strong></span> <span class='ocrx_word' id='word_1_47' title='bbox 1582 1378 1660 1452; x_wconf 85' lang='lat' dir='ltr'><strong>vite</strong></span> <span class='ocrx_word' id='word_1_48' title='bbox 1688 1402 1769 1452; x_wconf 91' lang='lat' dir='ltr'><strong>mee</strong></span> <span class='ocrx_word' id='word_1_49' title='bbox 1793 1373 1966 1450; x_wconf 88' lang='lat' dir='ltr'><strong>soluendo</strong></span> <span class='ocrx_word' id='word_1_50' title='bbox 1995 1371 2168 1473; x_wconf 77' lang='lat' dir='ltr'><strong>predictis</strong></span> 
     </span>
     <span class='ocr_line' id='line_1_6' title="bbox 623 1497 2168 1583; baseline -0.007 0"><span class='ocrx_word' id='word_1_51' title='bbox 623 1507 750 1583; x_wconf 90' lang='lat' dir='ltr'><strong>domui</strong></span> <span class='ocrx_word' id='word_1_52' title='bbox 775 1517 812 1582; x_wconf 90' lang='lat' dir='ltr'><strong>et</strong></span> <span class='ocrx_word' id='word_1_53' title='bbox 837 1507 1009 1582; x_wconf 84' lang='lat' dir='ltr'><strong>fratribus</strong></span> <span class='ocrx_word' id='word_1_54' title='bbox 1035 1505 1226 1580; x_wconf 79' lang='lat' dir='ltr'><strong>annuatim</strong></span> <span class='ocrx_word' id='word_1_55' title='bbox 1251 1503 1443 1578; x_wconf 80' lang='lat' dir='ltr'><strong>duodecim</strong></span> <span class='ocrx_word' id='word_1_56' title='bbox 1467 1503 1632 1578; x_wconf 72' lang='lat' dir='ltr'><strong>denanos</strong></span> <span class='ocrx_word' id='word_1_57' title='bbox 1656 1502 1697 1578; x_wconf 89' lang='lat' dir='ltr'><strong>in</strong></span> <span class='ocrx_word' id='word_1_58' title='bbox 1718 1501 1865 1576; x_wconf 92' lang='lat' dir='ltr'><strong>nomine</strong></span> <span class='ocrx_word' id='word_1_59' title='bbox 1881 1499 1985 1574; x_wconf 86' lang='lat' dir='ltr'><strong>firme</strong></span> <span class='ocrx_word' id='word_1_60' title='bbox 2002 1497 2168 1574; x_wconf 85' lang='lat' dir='ltr'><strong>annualis</strong></span> 
     </span>
     <span class='ocr_line' id='line_1_7' title="bbox 623 1624 2169 1732; baseline -0.006 -24"><span class='ocrx_word' id='word_1_61' title='bbox 623 1633 785 1732; x_wconf 75' lang='lat' dir='ltr'><strong>predicte</strong></span> <span class='ocrx_word' id='word_1_62' title='bbox 809 1643 904 1706; x_wconf 89' lang='lat' dir='ltr'><strong>terre</strong></span> <span class='ocrx_word' id='word_1_63' title='bbox 930 1641 967 1706; x_wconf 91' lang='lat' dir='ltr'><strong>et</strong></span> <span class='ocrx_word' id='word_1_64' title='bbox 992 1629 1156 1704; x_wconf 88' lang='lat' dir='ltr'><strong>redditus</strong></span> <span class='ocrx_word' id='word_1_65' title='bbox 1173 1628 1346 1703; x_wconf 89' lang='lat' dir='ltr'><strong>annuales</strong></span> <span class='ocrx_word' id='word_1_66' title='bbox 1368 1654 1451 1702; x_wconf 93' lang='lat' dir='ltr'><strong>cum</strong></span> <span class='ocrx_word' id='word_1_67' title='bbox 1475 1627 1640 1726; x_wconf 90' lang='lat' dir='ltr'><strong>predicta</strong></span> <span class='ocrx_word' id='word_1_68' title='bbox 1663 1627 1819 1726; x_wconf 88' lang='lat' dir='ltr'><strong>piscaria</strong></span> <span class='ocrx_word' id='word_1_69' title='bbox 1835 1625 1971 1700; x_wconf 89' lang='lat' dir='ltr'><strong>eisdem</strong></span> <span class='ocrx_word' id='word_1_70' title='bbox 1988 1624 2114 1700; x_wconf 89' lang='lat' dir='ltr'><strong>domui</strong></span> <span class='ocrx_word' id='word_1_71' title='bbox 2130 1633 2169 1698; x_wconf 91' lang='lat' dir='ltr'><strong>et</strong></span> 
     </span>
     <span class='ocr_line' id='line_1_8' title="bbox 622 1750 2168 1855; baseline -0.006 -20"><span class='ocrx_word' id='word_1_72' title='bbox 622 1759 795 1834; x_wconf 86' lang='lat' dir='ltr'><strong>fratribus</strong></span> <span class='ocrx_word' id='word_1_73' title='bbox 806 1759 917 1833; x_wconf 90' lang='lat' dir='ltr'><strong>libere</strong></span> <span class='ocrx_word' id='word_1_74' title='bbox 930 1767 967 1832; x_wconf 90' lang='lat' dir='ltr'><strong>et</strong></span> <span class='ocrx_word' id='word_1_75' title='bbox 979 1755 1101 1855; x_wconf 91' lang='lat' dir='ltr'><strong>quiete</strong></span> <span class='ocrx_word' id='word_1_76' title='bbox 1113 1765 1335 1830; x_wconf 84' lang='lat' dir='ltr'><strong>revertentes</strong></span> <span class='ocrx_word' id='word_1_77' title='bbox 1347 1755 1425 1829; x_wconf 88' lang='lat' dir='ltr'><strong>sine</strong></span> <span class='ocrx_word' id='word_1_78' title='bbox 1438 1755 1561 1853; x_wconf 89' lang='lat' dir='ltr'><strong>aliquo</strong></span> <span class='ocrx_word' id='word_1_79' title='bbox 1577 1761 1824 1828; x_wconf 86' lang='lat' dir='ltr'><strong>retenemento</strong></span> <span class='ocrx_word' id='word_1_80' title='bbox 1836 1753 1896 1827; x_wconf 88' lang='lat' dir='ltr'><strong>vel</strong></span> <span class='ocrx_word' id='word_1_81' title='bbox 1908 1750 2168 1850; x_wconf 88' lang='lat' dir='ltr'><strong>impedimento</strong></span> 
     </span>
     <span class='ocr_line' id='line_1_9' title="bbox 622 1879 2168 1980; baseline -0.006 -20"><span class='ocrx_word' id='word_1_82' title='bbox 622 1885 696 1960; x_wconf 92' lang='lat' dir='ltr'><strong>mei</strong></span> <span class='ocrx_word' id='word_1_83' title='bbox 709 1885 766 1959; x_wconf 88' lang='lat' dir='ltr'><strong>vel</strong></span> <span class='ocrx_word' id='word_1_84' title='bbox 778 1909 941 1959; x_wconf 90' lang='lat' dir='ltr'><strong>meorum</strong></span> <span class='ocrx_word' id='word_1_85' title='bbox 958 1881 1132 1956; x_wconf 79' lang='lat' dir='ltr'><strong>heredum</strong></span> <span class='ocrx_word' id='word_1_86' title='bbox 1150 1907 1214 1956; x_wconf 90' lang='lat' dir='ltr'><strong>seu</strong></span> <span class='ocrx_word' id='word_1_87' title='bbox 1231 1881 1497 1980; x_wconf 86' lang='lat' dir='ltr'><strong>assignatorum</strong></span> <span class='ocrx_word' id='word_1_88' title='bbox 1512 1880 1572 1956; x_wconf 88' lang='lat' dir='ltr'><strong>vel</strong></span> <span class='ocrx_word' id='word_1_89' title='bbox 1588 1889 1795 1954; x_wconf 84' lang='lat' dir='ltr'><strong>nostmrum</strong></span> <span class='ocrx_word' id='word_1_90' title='bbox 1810 1879 1984 1954; x_wconf 89' lang='lat' dir='ltr'><strong>heredum</strong></span> <span class='ocrx_word' id='word_1_91' title='bbox 2003 1887 2168 1952; x_wconf 90' lang='lat' dir='ltr'><strong>tutorum</strong></span> 
     </span>
     <span class='ocr_line' id='line_1_10' title="bbox 623 2002 2168 2105; baseline -0.005 -20"><span class='ocrx_word' id='word_1_92' title='bbox 623 2036 705 2085; x_wconf 91' lang='lat' dir='ltr'><strong>cum</strong></span> <span class='ocrx_word' id='word_1_93' title='bbox 724 2010 769 2084; x_wconf 88' lang='lat' dir='ltr'><strong>de</strong></span> <span class='ocrx_word' id='word_1_94' title='bbox 787 2035 844 2083; x_wconf 93' lang='lat' dir='ltr'><strong>me</strong></span> <span class='ocrx_word' id='word_1_95' title='bbox 860 2008 972 2083; x_wconf 88' lang='lat' dir='ltr'><strong>fuerit</strong></span> <span class='ocrx_word' id='word_1_96' title='bbox 987 2006 1201 2081; x_wconf 89' lang='lat' dir='ltr'><strong>humanitus</strong></span> <span class='ocrx_word' id='word_1_97' title='bbox 1219 2005 1458 2105; x_wconf 86' lang='lat' dir='ltr'><strong>adimpletum</strong></span> <span class='ocrx_word' id='word_1_98' title='bbox 1483 2005 1536 2080; x_wconf 88' lang='lat' dir='ltr'><strong>ita</strong></span> <span class='ocrx_word' id='word_1_99' title='bbox 1561 2004 1659 2103; x_wconf 91' lang='lat' dir='ltr'><strong>quod</strong></span> <span class='ocrx_word' id='word_1_100' title='bbox 1675 2029 1741 2079; x_wconf 90' lang='lat' dir='ltr'><strong>nec</strong></span> <span class='ocrx_word' id='word_1_101' title='bbox 1758 2029 1825 2104; x_wconf 92' lang='lat' dir='ltr'><strong>ego</strong></span> <span class='ocrx_word' id='word_1_102' title='bbox 1841 2029 1908 2078; x_wconf 90' lang='lat' dir='ltr'><strong>nec</strong></span> <span class='ocrx_word' id='word_1_103' title='bbox 1924 2002 2073 2078; x_wconf 88' lang='lat' dir='ltr'><strong>heredes</strong></span> <span class='ocrx_word' id='word_1_104' title='bbox 2089 2026 2168 2076; x_wconf 90' lang='lat' dir='ltr'><strong>mee</strong></span> 
     </span>
     <span class='ocr_line' id='line_1_11' title="bbox 623 2127 2170 2234; baseline -0.005 -24"><span class='ocrx_word' id='word_1_105' title='bbox 623 2161 691 2210; x_wconf 91' lang='lat' dir='ltr'><strong>neo</strong></span> <span class='ocrx_word' id='word_1_106' title='bbox 711 2135 841 2234; x_wconf 88' lang='lat' dir='ltr'><strong>aliquis</strong></span> <span class='ocrx_word' id='word_1_107' title='bbox 863 2133 1010 2209; x_wconf 90' lang='lat' dir='ltr'><strong>nomine</strong></span> <span class='ocrx_word' id='word_1_108' title='bbox 1039 2142 1163 2206; x_wconf 90' lang='lat' dir='ltr'><strong>nostro</strong></span> <span class='ocrx_word' id='word_1_109' title='bbox 1193 2131 1355 2206; x_wconf 81' lang='lat' dir='ltr'><strong>decatero</strong></span> <span class='ocrx_word' id='word_1_110' title='bbox 1385 2129 1533 2230; x_wconf 84' lang='lat' dir='ltr'><strong>aliquod</strong></span> <span class='ocrx_word' id='word_1_111' title='bbox 1552 2130 1614 2229; x_wconf 90' lang='lat' dir='ltr'><strong>jus</strong></span> <span class='ocrx_word' id='word_1_112' title='bbox 1636 2129 1697 2205; x_wconf 88' lang='lat' dir='ltr'><strong>vel</strong></span> <span class='ocrx_word' id='word_1_113' title='bbox 1726 2129 1903 2204; x_wconf 89' lang='lat' dir='ltr'><strong>clameum</strong></span> <span class='ocrx_word' id='word_1_114' title='bbox 1927 2129 1967 2202; x_wconf 90' lang='lat' dir='ltr'><strong>in</strong></span> <span class='ocrx_word' id='word_1_115' title='bbox 1996 2127 2170 2227; x_wconf 81' lang='lat' dir='ltr'><strong>predictis</strong></span> 
     </span>
     <span class='ocr_line' id='line_1_12' title="bbox 623 2255 2171 2354; baseline -0.006 -17"><span class='ocrx_word' id='word_1_116' title='bbox 623 2261 727 2337; x_wconf 90' lang='lat' dir='ltr'><strong>terris</strong></span> <span class='ocrx_word' id='word_1_117' title='bbox 744 2271 782 2336; x_wconf 93' lang='lat' dir='ltr'><strong>et</strong></span> <span class='ocrx_word' id='word_1_118' title='bbox 793 2259 997 2335; x_wconf 87' lang='lat' dir='ltr'><strong>redditibus</strong></span> <span class='ocrx_word' id='word_1_119' title='bbox 1009 2257 1226 2332; x_wconf 87' lang='lat' dir='ltr'><strong>annualibus</strong></span> <span class='ocrx_word' id='word_1_120' title='bbox 1238 2266 1321 2354; x_wconf 88' lang='lat' dir='ltr'><strong>post</strong></span> <span class='ocrx_word' id='word_1_121' title='bbox 1336 2256 1523 2331; x_wconf 82' lang='lat' dir='ltr'><strong>decessum</strong></span> <span class='ocrx_word' id='word_1_122' title='bbox 1535 2281 1657 2330; x_wconf 92' lang='lat' dir='ltr'><strong>meum</strong></span> <span class='ocrx_word' id='word_1_123' title='bbox 1670 2256 1896 2354; x_wconf 86' lang='lat' dir='ltr'><strong>imponemus</strong></span> <span class='ocrx_word' id='word_1_124' title='bbox 1908 2279 1975 2329; x_wconf 92' lang='lat' dir='ltr'><strong>nec</strong></span> <span class='ocrx_word' id='word_1_125' title='bbox 1987 2255 2171 2352; x_wconf 90' lang='lat' dir='ltr'><strong>imponere</strong></span> 
     </span>
     <span class='ocr_line' id='line_1_13' title="bbox 623 2380 2170 2486; baseline -0.005 -25"><span class='ocrx_word' id='word_1_126' title='bbox 623 2387 920 2486; x_wconf 89' lang='lat' dir='ltr'><strong>manucapicmus</strong></span> <span class='ocrx_word' id='word_1_127' title='bbox 937 2384 986 2458; x_wconf 86' lang='lat' dir='ltr'><strong>Et</strong></span> <span class='ocrx_word' id='word_1_128' title='bbox 1003 2383 1034 2457; x_wconf 93' lang='lat' dir='ltr'><strong>si</strong></span> <span class='ocrx_word' id='word_1_129' title='bbox 1051 2383 1173 2482; x_wconf 87' lang='lat' dir='ltr'><strong>aliquo</strong></span> <span class='ocrx_word' id='word_1_130' title='bbox 1183 2400 1276 2458; x_wconf 77' lang='lat' dir='ltr'><strong>&#39;casu</strong></span> <span class='ocrx_word' id='word_1_131' title='bbox 1294 2383 1528 2482; x_wconf 88' lang='lat' dir='ltr'><strong>contingente</strong></span> <span class='ocrx_word' id='word_1_132' title='bbox 1545 2382 1644 2481; x_wconf 93' lang='lat' dir='ltr'><strong>quod</strong></span> <span class='ocrx_word' id='word_1_133' title='bbox 1663 2381 1759 2456; x_wconf 88' lang='lat' dir='ltr'><strong>absit</strong></span> <span class='ocrx_word' id='word_1_134' title='bbox 1783 2380 1881 2480; x_wconf 89' lang='lat' dir='ltr'><strong>quod</strong></span> <span class='ocrx_word' id='word_1_135' title='bbox 1906 2380 2096 2479; x_wconf 87' lang='lat' dir='ltr'><strong>contingat</strong></span> <span class='ocrx_word' id='word_1_136' title='bbox 2111 2405 2170 2454; x_wconf 91' lang='lat' dir='ltr'><strong>me</strong></span> 
     </span>
     <span class='ocr_line' id='line_1_14' title="bbox 623 2504 2172 2610; baseline -0.005 -24"><span class='ocrx_word' id='word_1_137' title='bbox 623 2511 683 2586; x_wconf 87' lang='lat' dir='ltr'><strong>vel</strong></span> <span class='ocrx_word' id='word_1_138' title='bbox 700 2512 857 2610; x_wconf 88' lang='lat' dir='ltr'><strong>aliquem</strong></span> <span class='ocrx_word' id='word_1_139' title='bbox 874 2519 939 2584; x_wconf 88' lang='lat' dir='ltr'><strong>aut</strong></span> <span class='ocrx_word' id='word_1_140' title='bbox 956 2508 1116 2607; x_wconf 87' lang='lat' dir='ltr'><strong>aliquam</strong></span> <span class='ocrx_word' id='word_1_141' title='bbox 1132 2507 1306 2584; x_wconf 89' lang='lat' dir='ltr'><strong>heredum</strong></span> <span class='ocrx_word' id='word_1_142' title='bbox 1322 2533 1485 2582; x_wconf 88' lang='lat' dir='ltr'><strong>meorum</strong></span> <span class='ocrx_word' id='word_1_143' title='bbox 1502 2507 1561 2582; x_wconf 89' lang='lat' dir='ltr'><strong>vel</strong></span> <span class='ocrx_word' id='word_1_144' title='bbox 1577 2532 1739 2582; x_wconf 91' lang='lat' dir='ltr'><strong>mearum</strong></span> <span class='ocrx_word' id='word_1_145' title='bbox 1756 2532 1819 2580; x_wconf 91' lang='lat' dir='ltr'><strong>seu</strong></span> <span class='ocrx_word' id='word_1_146' title='bbox 1832 2507 2096 2605; x_wconf 88' lang='lat' dir='ltr'><strong>assignatorum</strong></span> <span class='ocrx_word' id='word_1_147' title='bbox 2111 2504 2172 2580; x_wconf 89' lang='lat' dir='ltr'><strong>vel</strong></span> 
     </span>
     <span class='ocr_line' id='line_1_15' title="bbox 623 2631 2060 2732; baseline -0.004 -22"><span class='ocrx_word' id='word_1_148' title='bbox 623 2647 830 2712; x_wconf 87' lang='lat' dir='ltr'><strong>nostrorum</strong></span> <span class='ocrx_word' id='word_1_149' title='bbox 856 2634 1032 2710; x_wconf 90' lang='lat' dir='ltr'><strong>heredum</strong></span> <span class='ocrx_word' id='word_1_150' title='bbox 1058 2643 1197 2708; x_wconf 88' lang='lat' dir='ltr'><strong>tutores</strong></span> <span class='ocrx_word' id='word_1_151' title='bbox 1222 2633 1262 2708; x_wconf 92' lang='lat' dir='ltr'><strong>in</strong></span> <span class='ocrx_word' id='word_1_152' title='bbox 1286 2633 1471 2732; x_wconf 89' lang='lat' dir='ltr'><strong>premissis</strong></span> <span class='ocrx_word' id='word_1_153' title='bbox 1493 2633 1603 2707; x_wconf 89' lang='lat' dir='ltr'><strong>istam</strong></span> <span class='ocrx_word' id='word_1_154' title='bbox 1629 2631 1800 2706; x_wconf 90' lang='lat' dir='ltr'><strong>devotam</strong></span> <span class='ocrx_word' id='word_1_155' title='bbox 1823 2631 2060 2706; x_wconf 89' lang='lat' dir='ltr'><strong>donacionem</strong></span> 
     </span>
     <span class='ocr_line' id='line_1_16' title="bbox 623 2756 2172 2862; baseline -0.004 -26"><span class='ocrx_word' id='word_1_156' title='bbox 623 2773 809 2862; x_wconf 89' lang='lat' dir='ltr'><strong>presumat</strong></span> <span class='ocrx_word' id='word_1_157' title='bbox 833 2761 996 2836; x_wconf 89' lang='lat' dir='ltr'><strong>anullare</strong></span> <span class='ocrx_word' id='word_1_158' title='bbox 1021 2785 1066 2835; x_wconf 80' lang='lat' dir='ltr'><strong>ex</strong></span> <span class='ocrx_word' id='word_1_159' title='bbox 1091 2783 1189 2834; x_wconf 92' lang='lat' dir='ltr'><strong>nunc</strong></span> <span class='ocrx_word' id='word_1_160' title='bbox 1205 2783 1272 2856; x_wconf 92' lang='lat' dir='ltr'><strong>pro</strong></span> <span class='ocrx_word' id='word_1_161' title='bbox 1297 2767 1386 2833; x_wconf 88' lang='lat' dir='ltr'><strong>tunc</strong></span> <span class='ocrx_word' id='word_1_162' title='bbox 1403 2757 1540 2832; x_wconf 90' lang='lat' dir='ltr'><strong>subicio</strong></span> <span class='ocrx_word' id='word_1_163' title='bbox 1565 2757 1820 2856; x_wconf 88' lang='lat' dir='ltr'><strong>memetipsum</strong></span> <span class='ocrx_word' id='word_1_164' title='bbox 1845 2756 1993 2831; x_wconf 89' lang='lat' dir='ltr'><strong>heredes</strong></span> <span class='ocrx_word' id='word_1_165' title='bbox 2010 2780 2110 2830; x_wconf 89' lang='lat' dir='ltr'><strong>meos</strong></span> <span class='ocrx_word' id='word_1_166' title='bbox 2135 2765 2172 2830; x_wconf 90' lang='lat' dir='ltr'><strong>et</strong></span> 
     </span>
     <span class='ocr_line' id='line_1_17' title="bbox 624 2881 2173 2987; baseline -0.005 -24"><span class='ocrx_word' id='word_1_167' title='bbox 624 2888 826 2987; x_wconf 86' lang='lat' dir='ltr'><strong>assignatos</strong></span> <span class='ocrx_word' id='word_1_168' title='bbox 843 2913 885 2962; x_wconf 90' lang='lat' dir='ltr'><strong>ac</strong></span> <span class='ocrx_word' id='word_1_169' title='bbox 901 2896 1107 2961; x_wconf 88' lang='lat' dir='ltr'><strong>nostrorum</strong></span> <span class='ocrx_word' id='word_1_170' title='bbox 1123 2883 1296 2959; x_wconf 89' lang='lat' dir='ltr'><strong>heredum</strong></span> <span class='ocrx_word' id='word_1_171' title='bbox 1313 2892 1453 2958; x_wconf 88' lang='lat' dir='ltr'><strong>tutores</strong></span> <span class='ocrx_word' id='word_1_172' title='bbox 1478 2881 1723 2956; x_wconf 89' lang='lat' dir='ltr'><strong>iurisdiccioni</strong></span> <span class='ocrx_word' id='word_1_173' title='bbox 1740 2883 1980 2981; x_wconf 90' lang='lat' dir='ltr'><strong>compulcioni</strong></span> <span class='ocrx_word' id='word_1_174' title='bbox 1997 2891 2035 2957; x_wconf 89' lang='lat' dir='ltr'><strong>et</strong></span> <span class='ocrx_word' id='word_1_175' title='bbox 2051 2881 2173 2956; x_wconf 90' lang='lat' dir='ltr'><strong>coher-</strong></span> 
     </span>
     <span class='ocr_line' id='line_1_18' title="bbox 625 3007 2173 3113; baseline -0.006 -23"><span class='ocrx_word' id='word_1_176' title='bbox 625 3015 721 3090; x_wconf 89' lang='lat' dir='ltr'><strong>cioni</strong></span> <span class='ocrx_word' id='word_1_177' title='bbox 739 3013 898 3113; x_wconf 89' lang='lat' dir='ltr'><strong>episcopi</strong></span> <span class='ocrx_word' id='word_1_178' title='bbox 915 3011 1150 3112; x_wconf 84' lang='lat' dir='ltr'><strong>Glasguensis</strong></span> <span class='ocrx_word' id='word_1_179' title='bbox 1166 3009 1226 3086; x_wconf 90' lang='lat' dir='ltr'><strong>vel</strong></span> <span class='ocrx_word' id='word_1_180' title='bbox 1243 3011 1321 3086; x_wconf 92' lang='lat' dir='ltr'><strong>eius</strong></span> <span class='ocrx_word' id='word_1_181' title='bbox 1338 3009 1500 3085; x_wconf 90' lang='lat' dir='ltr'><strong>officialis</strong></span> <span class='ocrx_word' id='word_1_182' title='bbox 1517 3011 1580 3110; x_wconf 94' lang='lat' dir='ltr'><strong>qui</strong></span> <span class='ocrx_word' id='word_1_183' title='bbox 1597 3036 1663 3109; x_wconf 92' lang='lat' dir='ltr'><strong>pro</strong></span> <span class='ocrx_word' id='word_1_184' title='bbox 1680 3021 1842 3110; x_wconf 90' lang='lat' dir='ltr'><strong>tempore</strong></span> <span class='ocrx_word' id='word_1_185' title='bbox 1858 3009 1969 3084; x_wconf 87' lang='lat' dir='ltr'><strong>fuerit</strong></span> <span class='ocrx_word' id='word_1_186' title='bbox 1985 3007 2085 3108; x_wconf 89' lang='lat' dir='ltr'><strong>quod</strong></span> <span class='ocrx_word' id='word_1_187' title='bbox 2101 3007 2173 3106; x_wconf 90' lang='lat' dir='ltr'><strong>ipsi</strong></span> 
     </span>
     <span class='ocr_line' id='line_1_19' title="bbox 624 3135 2172 3237; baseline -0.005 -22"><span class='ocrx_word' id='word_1_188' title='bbox 624 3141 684 3215; x_wconf 88' lang='lat' dir='ltr'><strong>vel</strong></span> <span class='ocrx_word' id='word_1_189' title='bbox 709 3141 802 3215; x_wconf 89' lang='lat' dir='ltr'><strong>alter</strong></span> <span class='ocrx_word' id='word_1_190' title='bbox 828 3164 952 3214; x_wconf 89' lang='lat' dir='ltr'><strong>eorum</strong></span> <span class='ocrx_word' id='word_1_191' title='bbox 977 3137 1118 3237; x_wconf 83' lang='lat' dir='ltr'><strong>possint</strong></span> <span class='ocrx_word' id='word_1_192' title='bbox 1142 3135 1202 3211; x_wconf 89' lang='lat' dir='ltr'><strong>vel</strong></span> <span class='ocrx_word' id='word_1_193' title='bbox 1227 3135 1343 3234; x_wconf 88' lang='lat' dir='ltr'><strong>possit</strong></span> <span class='ocrx_word' id='word_1_194' title='bbox 1358 3161 1418 3211; x_wconf 91' lang='lat' dir='ltr'><strong>me</strong></span> <span class='ocrx_word' id='word_1_195' title='bbox 1434 3136 1583 3212; x_wconf 88' lang='lat' dir='ltr'><strong>heredes</strong></span> <span class='ocrx_word' id='word_1_196' title='bbox 1607 3160 1707 3210; x_wconf 90' lang='lat' dir='ltr'><strong>meos</strong></span> <span class='ocrx_word' id='word_1_197' title='bbox 1724 3147 1761 3210; x_wconf 92' lang='lat' dir='ltr'><strong>et</strong></span> <span class='ocrx_word' id='word_1_198' title='bbox 1778 3137 1979 3235; x_wconf 88' lang='lat' dir='ltr'><strong>assignatos</strong></span> <span class='ocrx_word' id='word_1_199' title='bbox 1996 3135 2073 3210; x_wconf 87' lang='lat' dir='ltr'><strong>sive</strong></span> <span class='ocrx_word' id='word_1_200' title='bbox 2090 3159 2172 3208; x_wconf 91' lang='lat' dir='ltr'><strong>nosÎ‡</strong></span> 
     </span>
     <span class='ocr_line' id='line_1_20' title="bbox 622 3261 2174 3361; baseline -0.005 -20"><span class='ocrx_word' id='word_1_201' title='bbox 622 3277 763 3342; x_wconf 89' lang='lat' dir='ltr'><strong>trorum</strong></span> <span class='ocrx_word' id='word_1_202' title='bbox 779 3264 954 3340; x_wconf 89' lang='lat' dir='ltr'><strong>heredum</strong></span> <span class='ocrx_word' id='word_1_203' title='bbox 969 3273 1108 3338; x_wconf 88' lang='lat' dir='ltr'><strong>tutores</strong></span> <span class='ocrx_word' id='word_1_204' title='bbox 1125 3261 1338 3360; x_wconf 90' lang='lat' dir='ltr'><strong>compellere</strong></span> <span class='ocrx_word' id='word_1_205' title='bbox 1354 3261 1431 3336; x_wconf 90' lang='lat' dir='ltr'><strong>sola</strong></span> <span class='ocrx_word' id='word_1_206' title='bbox 1446 3262 1667 3361; x_wconf 89' lang='lat' dir='ltr'><strong>inspectione</strong></span> <span class='ocrx_word' id='word_1_207' title='bbox 1684 3263 1910 3361; x_wconf 91' lang='lat' dir='ltr'><strong>presencium</strong></span> <span class='ocrx_word' id='word_1_208' title='bbox 1926 3261 2034 3336; x_wconf 89' lang='lat' dir='ltr'><strong>unica</strong></span> <span class='ocrx_word' id='word_1_209' title='bbox 2049 3269 2174 3334; x_wconf 88' lang='lat' dir='ltr'><strong>tamen</strong></span> 
     </span>
     <span class='ocr_line' id='line_1_21' title="bbox 624 3385 2175 3488; baseline -0.005 -22"><span class='ocrx_word' id='word_1_210' title='bbox 624 3391 828 3466; x_wconf 88' lang='lat' dir='ltr'><strong>monicione</strong></span> <span class='ocrx_word' id='word_1_211' title='bbox 844 3389 1021 3488; x_wconf 88' lang='lat' dir='ltr'><strong>premissa</strong></span> <span class='ocrx_word' id='word_1_212' title='bbox 1038 3387 1086 3462; x_wconf 86' lang='lat' dir='ltr'><strong>ad</strong></span> <span class='ocrx_word' id='word_1_213' title='bbox 1102 3387 1318 3462; x_wconf 89' lang='lat' dir='ltr'><strong>solvendum</strong></span> <span class='ocrx_word' id='word_1_214' title='bbox 1334 3397 1482 3462; x_wconf 89' lang='lat' dir='ltr'><strong>centum</strong></span> <span class='ocrx_word' id='word_1_215' title='bbox 1493 3412 1630 3461; x_wconf 87' lang='lat' dir='ltr'><strong>marcas</strong></span> <span class='ocrx_word' id='word_1_216' title='bbox 1648 3387 1913 3488; x_wconf 89' lang='lat' dir='ltr'><strong>sterlyngorum</strong></span> <span class='ocrx_word' id='word_1_217' title='bbox 1929 3386 2016 3460; x_wconf 91' lang='lat' dir='ltr'><strong>boni</strong></span> <span class='ocrx_word' id='word_1_218' title='bbox 2032 3385 2175 3486; x_wconf 85' lang='lat' dir='ltr'><strong>argenti</strong></span> 
     </span>
     <span class='ocr_line' id='line_1_22' title="bbox 624 3511 2177 3611; baseline -0.006 -19"><span class='ocrx_word' id='word_1_219' title='bbox 624 3519 664 3592; x_wconf 90' lang='lat' dir='ltr'><strong>in</strong></span> <span class='ocrx_word' id='word_1_220' title='bbox 680 3517 773 3592; x_wconf 84' lang='lat' dir='ltr'><strong>festo</strong></span> <span class='ocrx_word' id='word_1_221' title='bbox 792 3516 894 3590; x_wconf 89' lang='lat' dir='ltr'><strong>beate</strong></span> <span class='ocrx_word' id='word_1_222' title='bbox 906 3513 1082 3588; x_wconf 89' lang='lat' dir='ltr'><strong>Katcrine</strong></span> <span class='ocrx_word' id='word_1_223' title='bbox 1094 3512 1248 3611; x_wconf 87' lang='lat' dir='ltr'><strong>virginis</strong></span> <span class='ocrx_word' id='word_1_224' title='bbox 1264 3512 1360 3586; x_wconf 88' lang='lat' dir='ltr'><strong>infra</strong></span> <span class='ocrx_word' id='word_1_225' title='bbox 1376 3523 1498 3586; x_wconf 91' lang='lat' dir='ltr'><strong>ortum</strong></span> <span class='ocrx_word' id='word_1_226' title='bbox 1515 3513 1600 3588; x_wconf 91' lang='lat' dir='ltr'><strong>solis</strong></span> <span class='ocrx_word' id='word_1_227' title='bbox 1617 3523 1655 3588; x_wconf 94' lang='lat' dir='ltr'><strong>et</strong></span> <span class='ocrx_word' id='word_1_228' title='bbox 1671 3538 1836 3588; x_wconf 88' lang='lat' dir='ltr'><strong>occasum</strong></span> <span class='ocrx_word' id='word_1_229' title='bbox 1853 3513 1961 3586; x_wconf 89' lang='lat' dir='ltr'><strong>unius</strong></span> <span class='ocrx_word' id='word_1_230' title='bbox 1978 3511 2051 3585; x_wconf 89' lang='lat' dir='ltr'><strong>diei</strong></span> <span class='ocrx_word' id='word_1_231' title='bbox 2069 3535 2177 3608; x_wconf 91' lang='lat' dir='ltr'><strong>super</strong></span> 
     </span>
     <span class='ocr_line' id='line_1_23' title="bbox 625 3637 2175 3743; baseline -0.005 -25"><span class='ocrx_word' id='word_1_232' title='bbox 625 3668 758 3743; x_wconf 89' lang='lat' dir='ltr'><strong>magno</strong></span> <span class='ocrx_word' id='word_1_233' title='bbox 775 3641 881 3716; x_wconf 84' lang='lat' dir='ltr'><strong>altari</strong></span> <span class='ocrx_word' id='word_1_234' title='bbox 897 3639 995 3714; x_wconf 90' lang='lat' dir='ltr'><strong>dicte</strong></span> <span class='ocrx_word' id='word_1_235' title='bbox 1011 3639 1116 3714; x_wconf 88' lang='lat' dir='ltr'><strong>beate</strong></span> <span class='ocrx_word' id='word_1_236' title='bbox 1133 3637 1307 3712; x_wconf 90' lang='lat' dir='ltr'><strong>Katerine</strong></span> <span class='ocrx_word' id='word_1_237' title='bbox 1319 3637 1471 3737; x_wconf 85' lang='lat' dir='ltr'><strong>virginis</strong></span> <span class='ocrx_word' id='word_1_238' title='bbox 1483 3663 1548 3736; x_wconf 91' lang='lat' dir='ltr'><strong>per</strong></span> <span class='ocrx_word' id='word_1_239' title='bbox 1559 3639 1778 3714; x_wconf 88' lang='lat' dir='ltr'><strong>sentenciam</strong></span> <span class='ocrx_word' id='word_1_240' title='bbox 1792 3637 2175 3714; x_wconf 86' lang='lat' dir='ltr'><strong>excommunicacionis</strong></span> 
     </span>
     <span class='ocr_line' id='line_1_24' title="bbox 626 3762 2175 3863; baseline -0.006 -19"><span class='ocrx_word' id='word_1_241' title='bbox 626 3769 673 3844; x_wconf 91' lang='lat' dir='ltr'><strong>dc</strong></span> <span class='ocrx_word' id='word_1_242' title='bbox 698 3767 820 3842; x_wconf 85' lang='lat' dir='ltr'><strong>disin</strong></span> <span class='ocrx_word' id='word_1_243' title='bbox 847 3766 945 3840; x_wconf 89' lang='lat' dir='ltr'><strong>diem</strong></span> <span class='ocrx_word' id='word_1_244' title='bbox 969 3765 1009 3838; x_wconf 92' lang='lat' dir='ltr'><strong>in</strong></span> <span class='ocrx_word' id='word_1_245' title='bbox 1033 3788 1204 3862; x_wconf 85' lang='lat' dir='ltr'><strong>personas</strong></span> <span class='ocrx_word' id='word_1_246' title='bbox 1229 3772 1373 3837; x_wconf 86' lang='lat' dir='ltr'><strong>nostras</strong></span> <span class='ocrx_word' id='word_1_247' title='bbox 1397 3763 1660 3863; x_wconf 89' lang='lat' dir='ltr'><strong>promulgando</strong></span> <span class='ocrx_word' id='word_1_248' title='bbox 1689 3789 1772 3837; x_wconf 91' lang='lat' dir='ltr'><strong>cum</strong></span> <span class='ocrx_word' id='word_1_249' title='bbox 1798 3763 1866 3838; x_wconf 93' lang='lat' dir='ltr'><strong>hoc</strong></span> <span class='ocrx_word' id='word_1_250' title='bbox 1894 3762 2175 3837; x_wconf 86' lang='lat' dir='ltr'><strong>nichilhominus</strong></span> 
     </span>
     <span class='ocr_line' id='line_1_25' title="bbox 626 3886 2177 3994; baseline -0.005 -24"><span class='ocrx_word' id='word_1_251' title='bbox 626 3895 793 3994; x_wconf 90' lang='lat' dir='ltr'><strong>obligans</strong></span> <span class='ocrx_word' id='word_1_252' title='bbox 816 3917 876 3966; x_wconf 91' lang='lat' dir='ltr'><strong>me</strong></span> <span class='ocrx_word' id='word_1_253' title='bbox 901 3889 1051 3965; x_wconf 91' lang='lat' dir='ltr'><strong>heredes</strong></span> <span class='ocrx_word' id='word_1_254' title='bbox 1074 3913 1174 3962; x_wconf 91' lang='lat' dir='ltr'><strong>meos</strong></span> <span class='ocrx_word' id='word_1_255' title='bbox 1204 3897 1241 3962; x_wconf 91' lang='lat' dir='ltr'><strong>et</strong></span> <span class='ocrx_word' id='word_1_256' title='bbox 1266 3886 1469 3986; x_wconf 88' lang='lat' dir='ltr'><strong>assignatos</strong></span> <span class='ocrx_word' id='word_1_257' title='bbox 1496 3888 1573 3963; x_wconf 87' lang='lat' dir='ltr'><strong>sive</strong></span> <span class='ocrx_word' id='word_1_258' title='bbox 1600 3898 1807 3962; x_wconf 89' lang='lat' dir='ltr'><strong>nostrorum</strong></span> <span class='ocrx_word' id='word_1_259' title='bbox 1836 3887 2008 3962; x_wconf 86' lang='lat' dir='ltr'><strong>heredum</strong></span> <span class='ocrx_word' id='word_1_260' title='bbox 2036 3897 2177 3962; x_wconf 89' lang='lat' dir='ltr'><strong>tutores</strong></span> 
     </span>
     <span class='ocr_line' id='line_1_26' title="bbox 626 4011 2175 4117; baseline -0.005 -23"><span class='ocrx_word' id='word_1_261' title='bbox 626 4019 772 4094; x_wconf 91' lang='lat' dir='ltr'><strong>nomine</strong></span> <span class='ocrx_word' id='word_1_262' title='bbox 788 4043 881 4117; x_wconf 88' lang='lat' dir='ltr'><strong>pene</strong></span> <span class='ocrx_word' id='word_1_263' title='bbox 898 4016 945 4090; x_wconf 92' lang='lat' dir='ltr'><strong>ad</strong></span> <span class='ocrx_word' id='word_1_264' title='bbox 957 4013 1171 4090; x_wconf 85' lang='lat' dir='ltr'><strong>solvendum</strong></span> <span class='ocrx_word' id='word_1_265' title='bbox 1181 4011 1315 4087; x_wconf 86' lang='lat' dir='ltr'><strong>fabrice</strong></span> <span class='ocrx_word' id='word_1_266' title='bbox 1332 4012 1479 4087; x_wconf 87' lang='lat' dir='ltr'><strong>ecclesie</strong></span> <span class='ocrx_word' id='word_1_267' title='bbox 1496 4011 1730 4112; x_wconf 83' lang='lat' dir='ltr'><strong>Glasguensis</strong></span> <span class='ocrx_word' id='word_1_268' title='bbox 1742 4015 1876 4114; x_wconf 84' lang='lat' dir='ltr'><strong>viginti</strong></span> <span class='ocrx_word' id='word_1_269' title='bbox 1892 4014 2003 4088; x_wconf 88' lang='lat' dir='ltr'><strong>libras</strong></span> <span class='ocrx_word' id='word_1_270' title='bbox 2019 4014 2175 4113; x_wconf 90' lang='lat' dir='ltr'><strong>sterlyn-</strong></span> 
     </span>
     <span class='ocr_line' id='line_1_27' title="bbox 627 4137 2176 4244; baseline -0.002 -27"><span class='ocrx_word' id='word_1_271' title='bbox 627 4169 756 4244; x_wconf 90' lang='lat' dir='ltr'><strong>gorum</strong></span> <span class='ocrx_word' id='word_1_272' title='bbox 772 4152 969 4240; x_wconf 89' lang='lat' dir='ltr'><strong>antequam</strong></span> <span class='ocrx_word' id='word_1_273' title='bbox 994 4139 1208 4238; x_wconf 89' lang='lat' dir='ltr'><strong>incipiemus</strong></span> <span class='ocrx_word' id='word_1_274' title='bbox 1233 4137 1390 4236; x_wconf 90' lang='lat' dir='ltr'><strong>aliquem</strong></span> <span class='ocrx_word' id='word_1_275' title='bbox 1414 4161 1620 4236; x_wconf 87' lang='lat' dir='ltr'><strong>processum</strong></span> <span class='ocrx_word' id='word_1_276' title='bbox 1644 4139 1733 4214; x_wconf 88' lang='lat' dir='ltr'><strong>iuris</strong></span> <span class='ocrx_word' id='word_1_277' title='bbox 1759 4140 1819 4214; x_wconf 88' lang='lat' dir='ltr'><strong>vel</strong></span> <span class='ocrx_word' id='word_1_278' title='bbox 1835 4141 1980 4240; x_wconf 90' lang='lat' dir='ltr'><strong>querela</strong></span> <span class='ocrx_word' id='word_1_279' title='bbox 1995 4150 2121 4214; x_wconf 88' lang='lat' dir='ltr'><strong>nostra</strong></span> <span class='ocrx_word' id='word_1_280' title='bbox 2136 4141 2176 4214; x_wconf 90' lang='lat' dir='ltr'><strong>in</strong></span> 
     </span>
     <span class='ocr_line' id='line_1_28' title="bbox 628 4263 2176 4369; baseline -0.003 -24"><span class='ocrx_word' id='word_1_281' title='bbox 628 4269 751 4369; x_wconf 87' lang='lat' dir='ltr'><strong>aliqua</strong></span> <span class='ocrx_word' id='word_1_282' title='bbox 780 4269 880 4343; x_wconf 88' lang='lat' dir='ltr'><strong>curia</strong></span> <span class='ocrx_word' id='word_1_283' title='bbox 913 4267 1087 4342; x_wconf 91' lang='lat' dir='ltr'><strong>canonica</strong></span> <span class='ocrx_word' id='word_1_284' title='bbox 1115 4263 1175 4338; x_wconf 85' lang='lat' dir='ltr'><strong>vel</strong></span> <span class='ocrx_word' id='word_1_285' title='bbox 1204 4263 1305 4338; x_wconf 82' lang='lat' dir='ltr'><strong>civili</strong></span> <span class='ocrx_word' id='word_1_286' title='bbox 1334 4263 1550 4338; x_wconf 84' lang='lat' dir='ltr'><strong>exaudietur</strong></span> <span class='ocrx_word' id='word_1_287' title='bbox 1578 4264 1638 4339; x_wconf 89' lang='lat' dir='ltr'><strong>vel</strong></span> <span class='ocrx_word' id='word_1_288' title='bbox 1667 4264 1968 4340; x_wconf 89' lang='lat' dir='ltr'><strong>determinabitur</strong></span> <span class='ocrx_word' id='word_1_289' title='bbox 1996 4291 2079 4340; x_wconf 94' lang='lat' dir='ltr'><strong>cum</strong></span> <span class='ocrx_word' id='word_1_290' title='bbox 2108 4265 2176 4340; x_wconf 92' lang='lat' dir='ltr'><strong>hoc</strong></span> 
     </span>
     <span class='ocr_line' id='line_1_29' title="bbox 628 4389 2178 4488; baseline -0.001 -20"><span class='ocrx_word' id='word_1_291' title='bbox 628 4393 873 4470; x_wconf 87' lang='lat' dir='ltr'><strong>renunciando</strong></span> <span class='ocrx_word' id='word_1_292' title='bbox 898 4392 997 4467; x_wconf 93' lang='lat' dir='ltr'><strong>omni</strong></span> <span class='ocrx_word' id='word_1_293' title='bbox 1021 4391 1112 4466; x_wconf 89' lang='lat' dir='ltr'><strong>iuris</strong></span> <span class='ocrx_word' id='word_1_294' title='bbox 1128 4391 1265 4464; x_wconf 82' lang='lat' dir='ltr'><strong>auxilio</strong></span> <span class='ocrx_word' id='word_1_295' title='bbox 1281 4399 1359 4463; x_wconf 88' lang='lat' dir='ltr'><strong>tam</strong></span> <span class='ocrx_word' id='word_1_296' title='bbox 1385 4389 1502 4464; x_wconf 85' lang='lat' dir='ltr'><strong>civilis</strong></span> <span class='ocrx_word' id='word_1_297' title='bbox 1518 4415 1629 4488; x_wconf 92' lang='lat' dir='ltr'><strong>quam</strong></span> <span class='ocrx_word' id='word_1_298' title='bbox 1646 4391 1809 4466; x_wconf 91' lang='lat' dir='ltr'><strong>canonici</strong></span> <span class='ocrx_word' id='word_1_299' title='bbox 1829 4391 1879 4466; x_wconf 87' lang='lat' dir='ltr'><strong>Et</strong></span> <span class='ocrx_word' id='word_1_300' title='bbox 1895 4401 1939 4466; x_wconf 90' lang='lat' dir='ltr'><strong>ut</strong></span> <span class='ocrx_word' id='word_1_301' title='bbox 1955 4391 2026 4466; x_wconf 86' lang='lat' dir='ltr'><strong>ista</strong></span> <span class='ocrx_word' id='word_1_302' title='bbox 2043 4391 2178 4467; x_wconf 86' lang='lat' dir='ltr'><strong>devota</strong></span> 
     </span>
     <span class='ocr_line' id='line_1_30' title="bbox 629 4513 2177 4615; baseline -0.001 -22"><span class='ocrx_word' id='word_1_303' title='bbox 629 4518 781 4594; x_wconf 90' lang='lat' dir='ltr'><strong>donacio</strong></span> <span class='ocrx_word' id='word_1_304' title='bbox 805 4541 886 4592; x_wconf 89' lang='lat' dir='ltr'><strong>mea</strong></span> <span class='ocrx_word' id='word_1_305' title='bbox 911 4517 1180 4615; x_wconf 90' lang='lat' dir='ltr'><strong>imperpetuum</strong></span> <span class='ocrx_word' id='word_1_306' title='bbox 1204 4524 1285 4588; x_wconf 92' lang='lat' dir='ltr'><strong>rata</strong></span> <span class='ocrx_word' id='word_1_307' title='bbox 1309 4513 1359 4588; x_wconf 88' lang='lat' dir='ltr'><strong>sit</strong></span> <span class='ocrx_word' id='word_1_308' title='bbox 1385 4523 1423 4588; x_wconf 89' lang='lat' dir='ltr'><strong>et</strong></span> <span class='ocrx_word' id='word_1_309' title='bbox 1449 4513 1661 4589; x_wconf 90' lang='lat' dir='ltr'><strong>inconcussa</strong></span> <span class='ocrx_word' id='word_1_310' title='bbox 1683 4515 1767 4591; x_wconf 91' lang='lat' dir='ltr'><strong>huic</strong></span> <span class='ocrx_word' id='word_1_311' title='bbox 1787 4517 1947 4615; x_wconf 91' lang='lat' dir='ltr'><strong>presenti</strong></span> <span class='ocrx_word' id='word_1_312' title='bbox 1972 4527 2071 4592; x_wconf 90' lang='lat' dir='ltr'><strong>carte</strong></span> <span class='ocrx_word' id='word_1_313' title='bbox 2097 4543 2177 4592; x_wconf 90' lang='lat' dir='ltr'><strong>mee</strong></span> 
     </span>
     <span class='ocr_line' id='line_1_31' title="bbox 629 4639 2179 4742; baseline -0.003 -24"><span class='ocrx_word' id='word_1_314' title='bbox 629 4643 790 4742; x_wconf 89' lang='lat' dir='ltr'><strong>sigillum</strong></span> <span class='ocrx_word' id='word_1_315' title='bbox 806 4667 927 4716; x_wconf 92' lang='lat' dir='ltr'><strong>meum</strong></span> <span class='ocrx_word' id='word_1_316' title='bbox 944 4651 1000 4716; x_wconf 88' lang='lat' dir='ltr'><strong>est</strong></span> <span class='ocrx_word' id='word_1_317' title='bbox 1016 4665 1218 4740; x_wconf 88' lang='lat' dir='ltr'><strong>appensum</strong></span> <span class='ocrx_word' id='word_1_318' title='bbox 1233 4664 1309 4713; x_wconf 87' lang='lat' dir='ltr'><strong>una</strong></span> <span class='ocrx_word' id='word_1_319' title='bbox 1324 4663 1407 4712; x_wconf 92' lang='lat' dir='ltr'><strong>cum</strong></span> <span class='ocrx_word' id='word_1_320' title='bbox 1422 4639 1550 4737; x_wconf 86' lang='lat' dir='ltr'><strong>sigillis</strong></span> <span class='ocrx_word' id='word_1_321' title='bbox 1572 4641 1843 4714; x_wconf 88' lang='lat' dir='ltr'><strong>communitatis</strong></span> <span class='ocrx_word' id='word_1_322' title='bbox 1859 4640 1965 4741; x_wconf 88' lang='lat' dir='ltr'><strong>burgi</strong></span> <span class='ocrx_word' id='word_1_323' title='bbox 1987 4639 2033 4715; x_wconf 90' lang='lat' dir='ltr'><strong>de</strong></span> <span class='ocrx_word' id='word_1_324' title='bbox 2048 4642 2123 4715; x_wconf 88' lang='lat' dir='ltr'><strong>Are</strong></span> <span class='ocrx_word' id='word_1_325' title='bbox 2140 4649 2179 4714; x_wconf 92' lang='lat' dir='ltr'><strong>et</strong></span> 
     </span>
     <span class='ocr_line' id='line_1_32' title="bbox 631 4763 2179 4864; baseline -0.003 -20"><span class='ocrx_word' id='word_1_326' title='bbox 631 4767 792 4844; x_wconf 90' lang='lat' dir='ltr'><strong>officialis</strong></span> <span class='ocrx_word' id='word_1_327' title='bbox 819 4766 965 4841; x_wconf 88' lang='lat' dir='ltr'><strong>ecclesie</strong></span> <span class='ocrx_word' id='word_1_328' title='bbox 992 4764 1226 4864; x_wconf 83' lang='lat' dir='ltr'><strong>Glcsguensis</strong></span> <span class='ocrx_word' id='word_1_329' title='bbox 1253 4787 1362 4838; x_wconf 89' lang='lat' dir='ltr'><strong>causa</strong></span> <span class='ocrx_word' id='word_1_330' title='bbox 1387 4763 1533 4837; x_wconf 86' lang='lat' dir='ltr'><strong>maioris</strong></span> <span class='ocrx_word' id='word_1_331' title='bbox 1562 4765 1762 4840; x_wconf 82' lang='lat' dir='ltr'><strong>testimonii</strong></span> <span class='ocrx_word' id='word_1_332' title='bbox 1790 4766 1924 4864; x_wconf 88' lang='lat' dir='ltr'><strong>apponi</strong></span> <span class='ocrx_word' id='word_1_333' title='bbox 1949 4765 2179 4864; x_wconf 88' lang='lat' dir='ltr'><strong>presentibus</strong></span> 
     </span>
     <span class='ocr_line' id='line_1_33' title="bbox 629 4887 2180 4991; baseline -0.003 -21"><span class='ocrx_word' id='word_1_334' title='bbox 629 4893 762 4970; x_wconf 90' lang='lat' dir='ltr'><strong>litteris</strong></span> <span class='ocrx_word' id='word_1_335' title='bbox 777 4890 967 4991; x_wconf 88' lang='lat' dir='ltr'><strong>procuravi</strong></span> <span class='ocrx_word' id='word_1_336' title='bbox 978 4889 1050 4964; x_wconf 87' lang='lat' dir='ltr'><strong>hiis</strong></span> <span class='ocrx_word' id='word_1_337' title='bbox 1066 4887 1222 4964; x_wconf 88' lang='lat' dir='ltr'><strong>testibus</strong></span> <span class='ocrx_word' id='word_1_338' title='bbox 1238 4887 1396 4963; x_wconf 87' lang='lat' dir='ltr'><strong>Roberto</strong></span> <span class='ocrx_word' id='word_1_339' title='bbox 1410 4887 1510 4963; x_wconf 77' lang='lat' dir='ltr'><strong>Smal</strong></span> <span class='ocrx_word' id='word_1_340' title='bbox 1523 4899 1612 4964; x_wconf 91' lang='lat' dir='ltr'><strong>tunc</strong></span> <span class='ocrx_word' id='word_1_341' title='bbox 1630 4889 1866 4988; x_wconf 86' lang='lat' dir='ltr'><strong>aldyrmanno</strong></span> <span class='ocrx_word' id='word_1_342' title='bbox 1884 4889 2015 4966; x_wconf 77' lang='lat' dir='ltr'><strong>dedra</strong></span> <span class='ocrx_word' id='word_1_343' title='bbox 2031 4890 2180 4966; x_wconf 84' lang='lat' dir='ltr'><strong>Andrea</strong></span> 
     </span>
     <span class='ocr_line' id='line_1_34' title="bbox 632 5011 2179 5116; baseline -0.001 -21"><span class='ocrx_word' id='word_1_344' title='bbox 632 5021 678 5095; x_wconf 91' lang='lat' dir='ltr'><strong>de</strong></span> <span class='ocrx_word' id='word_1_345' title='bbox 696 5016 873 5094; x_wconf 82' lang='lat' dir='ltr'><strong>Orauford</strong></span> <span class='ocrx_word' id='word_1_346' title='bbox 895 5023 933 5090; x_wconf 89' lang='lat' dir='ltr'><strong>et</strong></span> <span class='ocrx_word' id='word_1_347' title='bbox 949 5013 1081 5112; x_wconf 84' lang='lat' dir='ltr'><strong>Atkyn</strong></span> <span class='ocrx_word' id='word_1_348' title='bbox 1097 5013 1144 5088; x_wconf 90' lang='lat' dir='ltr'><strong>de</strong></span> <span class='ocrx_word' id='word_1_349' title='bbox 1171 5012 1282 5087; x_wconf 87' lang='lat' dir='ltr'><strong>Barre</strong></span> <span class='ocrx_word' id='word_1_350' title='bbox 1308 5021 1398 5087; x_wconf 86' lang='lat' dir='ltr'><strong>tunc</strong></span> <span class='ocrx_word' id='word_1_351' title='bbox 1424 5011 1568 5088; x_wconf 89' lang='lat' dir='ltr'><strong>ballivis</strong></span> <span class='ocrx_word' id='word_1_352' title='bbox 1595 5013 1685 5088; x_wconf 89' lang='lat' dir='ltr'><strong>dicti</strong></span> <span class='ocrx_word' id='word_1_353' title='bbox 1711 5015 1818 5116; x_wconf 90' lang='lat' dir='ltr'><strong>burgi</strong></span> <span class='ocrx_word' id='word_1_354' title='bbox 1844 5015 1890 5091; x_wconf 92' lang='lat' dir='ltr'><strong>de</strong></span> <span class='ocrx_word' id='word_1_355' title='bbox 1906 5016 1980 5091; x_wconf 86' lang='lat' dir='ltr'><strong>Are</strong></span> <span class='ocrx_word' id='word_1_356' title='bbox 1996 5015 2179 5093; x_wconf 89' lang='lat' dir='ltr'><strong>Willelmo</strong></span> 
     </span>
     <span class='ocr_line' id='line_1_35' title="bbox 632 5135 2180 5237; baseline -0.001 -17"><span class='ocrx_word' id='word_1_357' title='bbox 632 5141 867 5220; x_wconf 79' lang='lat' dir='ltr'><strong>Halfemarclr</strong></span> <span class='ocrx_word' id='word_1_358' title='bbox 900 5150 990 5216; x_wconf 91' lang='lat' dir='ltr'><strong>tunc</strong></span> <span class='ocrx_word' id='word_1_359' title='bbox 1023 5136 1174 5213; x_wconf 88' lang='lat' dir='ltr'><strong>custode</strong></span> <span class='ocrx_word' id='word_1_360' title='bbox 1212 5135 1323 5235; x_wconf 87' lang='lat' dir='ltr'><strong>sigilli</strong></span> <span class='ocrx_word' id='word_1_361' title='bbox 1362 5137 1634 5212; x_wconf 90' lang='lat' dir='ltr'><strong>communitatis</strong></span> <span class='ocrx_word' id='word_1_362' title='bbox 1666 5164 1732 5237; x_wconf 92' lang='lat' dir='ltr'><strong>pro</strong></span> <span class='ocrx_word' id='word_1_363' title='bbox 1765 5150 1855 5215; x_wconf 91' lang='lat' dir='ltr'><strong>tunc</strong></span> <span class='ocrx_word' id='word_1_364' title='bbox 1887 5141 2071 5217; x_wconf 89' lang='lat' dir='ltr'><strong>Willelmo</strong></span> <span class='ocrx_word' id='word_1_365' title='bbox 2103 5143 2180 5218; x_wconf 88' lang='lat' dir='ltr'><strong>filio</strong></span> 
     </span>
     <span class='ocr_line' id='line_1_36' title="bbox 632 5260 2180 5366; baseline -0.003 -19"><span class='ocrx_word' id='word_1_366' title='bbox 632 5269 785 5347; x_wconf 87' lang='lat' dir='ltr'><strong>Martini</strong></span> <span class='ocrx_word' id='word_1_367' title='bbox 800 5267 931 5366; x_wconf 85' lang='lat' dir='ltr'><strong>Atkyn</strong></span> <span class='ocrx_word' id='word_1_368' title='bbox 946 5264 1061 5340; x_wconf 84' lang='lat' dir='ltr'><strong>Blake</strong></span> <span class='ocrx_word' id='word_1_369' title='bbox 1077 5272 1115 5337; x_wconf 94' lang='lat' dir='ltr'><strong>et</strong></span> <span class='ocrx_word' id='word_1_370' title='bbox 1132 5261 1253 5335; x_wconf 86' lang='lat' dir='ltr'><strong>Adam</strong></span> <span class='ocrx_word' id='word_1_371' title='bbox 1269 5260 1420 5336; x_wconf 86' lang='lat' dir='ltr'><strong>Browne</strong></span> <span class='ocrx_word' id='word_1_372' title='bbox 1437 5287 1520 5336; x_wconf 93' lang='lat' dir='ltr'><strong>cum</strong></span> <span class='ocrx_word' id='word_1_373' title='bbox 1544 5263 1671 5338; x_wconf 87' lang='lat' dir='ltr'><strong>multis</strong></span> <span class='ocrx_word' id='word_1_374' title='bbox 1693 5265 1781 5339; x_wconf 88' lang='lat' dir='ltr'><strong>aliis.</strong></span> <span class='ocrx_word' id='word_1_375' title='bbox 1833 5265 1972 5340; x_wconf 87' lang='lat' dir='ltr'><strong>Datum</strong></span> <span class='ocrx_word' id='word_1_376' title='bbox 1991 5266 2091 5366; x_wconf 86' lang='lat' dir='ltr'><strong>apud</strong></span> <span class='ocrx_word' id='word_1_377' title='bbox 2106 5267 2180 5343; x_wconf 84' lang='lat' dir='ltr'><strong>Are</strong></span> 
     </span>
     <span class='ocr_line' id='line_1_37' title="bbox 632 5385 2093 5492; baseline -0.003 -20"><span class='ocrx_word' id='word_1_378' title='bbox 632 5407 736 5472; x_wconf 87' lang='lat' dir='ltr'><strong>sexto</strong></span> <span class='ocrx_word' id='word_1_379' title='bbox 753 5393 892 5470; x_wconf 90' lang='lat' dir='ltr'><strong>decimo</strong></span> <span class='ocrx_word' id='word_1_380' title='bbox 909 5391 969 5467; x_wconf 91' lang='lat' dir='ltr'><strong>die</strong></span> <span class='ocrx_word' id='word_1_381' title='bbox 985 5387 1120 5466; x_wconf 89' lang='lat' dir='ltr'><strong>mensis</strong></span> <span class='ocrx_word' id='word_1_382' title='bbox 1136 5385 1229 5462; x_wconf 87' lang='lat' dir='ltr'><strong>Maii</strong></span> <span class='ocrx_word' id='word_1_383' title='bbox 1245 5411 1340 5462; x_wconf 91' lang='lat' dir='ltr'><strong>anno</strong></span> <span class='ocrx_word' id='word_1_384' title='bbox 1356 5387 1474 5486; x_wconf 88' lang='lat' dir='ltr'><strong>gracie</strong></span> <span class='ocrx_word' id='word_1_385' title='bbox 1490 5401 1571 5462; x_wconf 79' lang='lat' dir='ltr'><strong>mÂ¹Â¹Â¹â°</strong></span> <span class='ocrx_word' id='word_1_386' title='bbox 1588 5414 1648 5464; x_wconf 91' lang='lat' dir='ltr'><strong>ccc</strong></span> <span class='ocrx_word' id='word_1_387' title='bbox 1664 5391 1938 5492; x_wconf 85' lang='lat' dir='ltr'><strong>quadragesimo</strong></span> <span class='ocrx_word' id='word_1_388' title='bbox 1955 5402 2093 5470; x_wconf 89' lang='lat' dir='ltr'><strong>octavo.</strong></span> 
     </span>
    </p>
   </div>
   <div class='ocr_carea' id='block_1_4' title="bbox 0 0 2593 6676">
    <p class='ocr_par' dir='ltr' id='par_1_4' title="bbox 0 0 2593 6676">
     <span class='ocr_line' id='line_1_38' title="bbox 0 0 2593 6676; baseline 0 0"><span class='ocrx_word' id='word_1_389' title='bbox 0 0 2593 6676; x_wconf 95' lang='lat' dir='ltr'><strong> </strong></span> 
     </span>
    </p>
   </div>
  </div>
 </body>
</html>
