5138 6694
713 832 933 900 curamus
956 835 1009 900 OF
1030 836 1116 900 ΤΗΕ
1136 837 1288 902 FRIARS
1309 839 1556 906 PREAOHERS
1578 843 1631 908 OF
1651 844 1747 910 Ara
1935 853 1995 914 115

452 1024 565 1100 trium
590 1023 858 1125 capellanorum
883 1026 1009 1102 divina
1033 1037 1210 1127 perpetuo
1236 1028 1498 1106 celebrancium
1523 1033 1563 1108 in
1588 1037 1737 1113 ecclesia
1761 1037 1807 1114 de
1831 1037 1904 1114 Are
1929 1065 1995 1139 pro

452 1151 575 1226 anima
590 1152 686 1252 regis
708 1151 858 1228 Roberti
875 1153 921 1229 de
947 1153 1089 1229 duobus
1105 1153 1270 1230 terminis
1295 1154 1403 1230 huius
1428 1161 1587 1258 compoti
1611 1155 1714 1262 rriiijfi
1733 1163 1784 1238 Et
1808 1163 1995 1242 Fratribus

450 1285 742 1363 Predicatoribus
759 1287 806 1364 de
822 1289 896 1363 Are
912 1287 1196 1387 percipientibus
1212 1312 1277 1386 per
1293 1312 1431 1362 annum
1453 1315 1498 1364 ex
1516 1287 1663 1386 speciali
1689 1287 1883 1366 elemosina
1899 1292 1994 1391 regis

450 1413 1102 1513 11111111111111111111111111111
1126 1439 1190 1488 sue
1208 1424 1245 1488 11
1270 1413 1461 1489 domorum
1485 1439 1632 1488 suarum
1657 1413 1793 1489 ibidem
1810 1415 1856 1490 de
1880 1415 1994 1494 firmis

449 1539 741 1614 molendinorum
758 1539 898 1615 domini
915 1539 1009 1640 regis
1028 1539 1104 1614 sive
1121 1538 1228 1640 burgi
1245 1539 1291 1614 de
1307 1539 1381 1614 Are
1396 1539 1530 1639 viginti
1546 1539 1657 1613 libras
1674 1540 1930 1641 sterlingorum
1947 1543 1994 1617 ad

449 1668 623 1742 terminos
640 1667 873 1742 Pentecostes
890 1675 928 1741 11
946 1665 1072 1741 Sancti
1085 1665 1236 1740 Martini
1249 1666 1289 1740 in
1306 1665 1437 1764 hyeme
1453 1665 1773 1765 proporcionaliter
1788 1667 1835 1742 de
1852 1666 1993 1743 duobus

452 1792 615 1868 terminis
631 1791 740 1868 huius
757 1791 918 1891 compoti
934 1789 1015 1866 xxh'.

922 2093 1020 2196 [Vol.
1041 2095 1070 2172 I.
1090 2121 1183 2198 page
1202 2097 1286 2173 267.
1343 2095 1468 2196 1330.]

524 2303 744 2402 Gompotum
767 2299 1038 2375 communitatis
1055 2299 1162 2400 burgi
1182 2298 1229 2373 de
1244 2297 1318 2373 Are
1334 2322 1399 2396 per
1414 2298 1439 2372 J
1440 2297 1620 2374 ohannem
1637 2299 1807 2378 clericum
1830 2313 1990 2381 attorna-

448 2441 531 2505 tum
543 2454 651 2504 suum
664 2426 847 2503 redditum
860 2425 958 2524 apud
972 2424 1191 2500 Olacmanan
1203 2423 1327 2523 aiiijmo
1343 2423 1403 2498 die
1419 2423 1444 2498 J
1445 2423 1520 2524 unij
1537 2450 1632 2500 anno
1649 2428 1767 2526 grecie
1784 2439 1850 2505 111
1866 2431 1989 2506 trices·

446 2556 520 2630 imo
536 2551 671 2655 [1330]
687 2553 733 2628 de
749 2551 864 2627 firmis
882 2551 973 2626 dicti
989 2551 1097 2651 burgi
1114 2550 1159 2626 de
1175 2551 1341 2626 terminis
1358 2548 1484 2625 Sancti
1500 2545 1687 2652 [Martini]
1704 2563 1742 2628 11
1758 2553 1990 2633 Pentecostes

445 2681 554 2756 huius
570 2679 730 2779 compoti
757 2677 860 2753 Idem
878 2688 1003 2752 onerat
1020 2703 1058 2752 se
1075 2676 1120 2752 de
1145 2674 1257 2776 11111]ἲί
1277 2677 1357 2776 xiij⁵
1376 2675 1450 2776 iiijd
1464 2701 1529 2775 per
1544 2677 1687 2752 firmam
1704 2680 1793 2755 dicti
1810 2681 1917 2782 burgi
1942 2683 1988 2758 de

446 2807 588 2882 duobus
612 2803 778 2882 terminia
794 2804 902 2879 huius
928 2803 1087 2902 compoti
1104 2801 1255 2878 Summa
1276 2813 1419 2902 recepte
1435 2812 1539 2902 patet
1555 2803 1612 2878 De
1629 2829 1702 2904 qua
1718 2816 1932 2905 computant
1948 2809 1988 2883 in

445 2932 637 3032 stipendiis
647 2931 761 3006 trium
772 2929 1039 3030 capellanorum
1050 2929 1176 3004 divina
1185 2928 1449 3004 celebrancium
1458 2939 1633 3028 perpetuo
1645 2931 1685 3004 in
1698 2932 1846 3006 ecclesia
1858 2933 1904 3008 dc
1914 2933 1987 3009 Are

444 3085 510 3158 pro
524 3059 647 3132 anima
659 3057 754 3158 regis
767 3056 917 3132 Roberti
929 3055 975 3131 de
993 3054 1134 3131 duobus
1145 3055 1311 3130 terminis
1323 3054 1431 3130 huius
1450 3056 1609 3154 compoti
1621 3053 1723 3156 xiiijfi
1736 3057 1786 3132 Et
1799 3057 1987 3135 Fratribus

444 3183 736 3260 Predicatoribus
761 3183 808 3258 de
827 3181 901 3257 Are
925 3180 1208 3280 percipientibus
1234 3181 1425 3255 annuatim
1443 3206 1488 3256 cx
1514 3181 1660 3280 speciali
1677 3183 1873 3259 elemosina
1891 3188 1986 3286 regis

444 3336 566 3385 annua
589 3335 656 3409 pro
682 3309 951 3384 sustentacione
977 3306 1123 3383 ecclesie
1140 3332 1204 3382 sue
1221 3317 1259 3382 11
1276 3306 1466 3396 domorum
1484 3333 1630 3382 suarum
1646 3307 1782 3384 ibidem
1802 3309 1848 3385 de
1872 3309 1987 3388 firmis
2031 3395 2034 3402 ,

442 3435 733 3511 molendinorum
758 3434 897 3509 domini
921 3435 1016 3534 regis
1041 3433 1118 3508 sive
1143 3432 1249 3534 burgi
1274 3432 1321 3508 de
1338 3434 1412 3508 Are
1437 3434 1572 3533 viginti
1595 3433 1707 3509 libras
1731 3435 1986 3537 sterlingorum

442 3562 488 3654 de
512 3562 679 3637 terminis
708 3561 942 3636 Pentecostes
968 3570 1006 3634 11
1031 3559 1156 3635 Sancti
1190 3559 1343 3634 Martini
1369 3559 1409 3634 in
1433 3559 1565 3660 hyeme
1594 3561 1915 3660 proporcionalitcr
1939 3564 1984 3639 de

442 3687 573 3763 ultimo
590 3687 747 3762 termino
763 3686 872 3762 huius
889 3687 1048 3785 compoti
1060 3711 1125 3786 per
1141 3685 1265 3761 literas
1282 3685 1478 3762 eorundem
1494 3685 1540 3762 de
1557 3698 1701 3786 recepto
1717 3687 1785 3763 sub
1802 3693 1983 3764 communi

441 3813 560 3915 sigillo
576 3811 638 3888 iuli
653 3827 718 3888 11Ι
738 3809 808 3890 ixl.

957 4055 1054 4159 [Vol
1075 4059 1105 4132 I.
1133 4084 1169 4158 p.
1199 4061 1282 4138 287.
1338 4055 1467 4159 1330.]

752 4287 953 4364 ¹Rendered
970 4298 1009 4363 11
1029 4287 1313 4380 Olcckmannan,
1333 4287 1425 4363 aoth
1446 4287 1543 4365 June
1564 4297 1669 4366 1330.

471 4521 476 4530 ·
514 4499 564 4574 Ε1
581 4497 769 4574 Fratribus
792 4495 1060 4572 Predictoribus
1077 4495 1123 4572 de
1140 4495 1213 4570 Are
1230 4495 1485 4596 propensione
1502 4523 1568 4572 sua
1584 4523 1695 4598 quam
1712 4501 1918 4601 percipiunt
1936 4503 1980 4578 de

438 4624 553 4726 burgo
570 4623 616 4700 de
631 4623 705 4700 Are
721 4623 767 4699 de
783 4624 939 4700 termino
957 4622 1081 4699 Sancti
1101 4623 1253 4698 Martini
1268 4622 1376 4698 huius
1393 4624 1552 4722 compoti
1568 4609 1624 4702 xl.

966 4977 1064 5079 [Vol.
1083 4979 1111 5056 Ι.
1131 5005 1167 5080 p.
1188 4985 1270 5057 303.
1327 4976 1454 5080 1330.]

513 5183 733 5283 Compotum
749 5181 1014 5281 prepositorum
1031 5181 1076 5258 de
1092 5181 1167 5258 Are
1190 5207 1256 5282 per
1271 5181 1297 5256 J
1298 5181 1478 5258 ohannem
1494 5181 1662 5258 clericum
1678 5183 1862 5260 redditum
1879 5186 1977 5285 apud

436 5309 637 5386 Berwicum
662 5308 790 5409 quinto
816 5307 875 5382 die
900 5307 1030 5383 Marcii
1054 5333 1150 5383 anno
1172 5307 1291 5409 gracie
1316 5309 1523 5408 supradicto
1542 5305 1677 5412 [1330]
1694 5309 1739 5384 de
1756 5309 1870 5386 firmis
1887 5312 1978 5389 dicti

436 5435 543 5537 burgi
559 5435 605 5511 de
620 5433 785 5535 predicto
810 5433 965 5510 termino
992 5433 1116 5510 Sancti
1141 5433 1293 5510 Martini
1316 5433 1419 5510 Idem
1436 5445 1617 5510 oneratae
1635 5433 1785 5535 dexvjfi
1804 5436 1883 5512 11111ε
1903 5435 1976 5538 iiji‘l
