5142 6684
712 819 931 885 salernas
954 820 1007 886 OF
1027 820 1112 884 THE
1133 819 1284 884 FRIARS
1305 817 1552 884 PREAOHERS
1574 817 1627 883 OF
1647 817 1744 884 AYR
1958 824 1999 886 ³9

455 1016 645 1093 dominum
661 1023 826 1089 nostrum
843 1013 1032 1090 dominum
1050 1013 1248 1090 Robertum
1263 1014 1414 1090 tertium
1430 1013 1501 1089 Dei
1517 1014 1637 1113 gracia
1652 1039 1774 1114 regem
1792 1013 2000 1091 Scottorum

455 1143 637 1218 illustrem
653 1140 844 1215 annuatim
869 1164 936 1238 pro
963 1140 1081 1215 decim
1107 1140 1209 1215 libris
1238 1140 1374 1215 usualis
1403 1149 1549 1214 monete
1575 1150 1685 1239 prout
1714 1141 1755 1215 in
1785 1151 1883 1216 carta
1910 1141 2001 1217 dicti

458 1267 598 1344 domini
619 1267 715 1368 regis
739 1264 826 1341 inde
852 1265 1016 1340 confecta
1040 1276 1078 1340 et
1102 1266 1238 1342 ibidem
1263 1277 1406 1342 ostensa
1423 1265 1491 1341 sub
1513 1291 1579 1341 suo
1595 1292 1728 1367 magno
1752 1267 1871 1368 sigillo
1893 1268 2001 1367 plene

457 1392 711 1470 continebatur
749 1392 799 1466 Et
815 1391 1000 1467 decretum
1024 1391 1139 1490 ipsius
1156 1392 1295 1467 domini
1321 1393 1424 1468 ducis
1451 1401 1574 1468 ratum
1600 1417 1744 1468 servare
1777 1394 2001 1492 temporibus

456 1519 589 1596 futuris
604 1544 671 1618 pro
687 1527 863 1617 perpetuo
879 1516 997 1592 latum
1013 1517 1052 1592 in
1069 1517 1253 1616 premissis
1279 1517 1395 1617 Super
1419 1517 1550 1617 quibus
1567 1517 1656 1592 visis
1672 1518 1861 1618 utriusque
1885 1521 2002 1618 partis

457 1646 598 1748 prefate
627 1644 737 1720 cartis
766 1642 959 1718 evidentiis
988 1643 1144 1718 stactis
1177 1643 1407 1742 parliamenti
1436 1668 1478 1718 ac
1507 1668 1631 1717 earum
1656 1643 1934 1744 allegationibus
1964 1655 2003 1721 et

457 1771 657 1847 rationibus
686 1768 918 1843 consideratis
943 1777 980 1843 et
1004 1777 1145 1843 mature
1169 1769 1363 1844 intellectis
1388 1768 1508 1843 dicttrs
1533 1767 1703 1843 dominus
1727 1769 1804 1844 dux
1827 1795 1893 1868 per
1918 1796 2002 1847 eon·

458 1897 714 1974 siderationem
730 1894 787 1969 sui
804 1893 942 1992 consilij
970 1893 1152 1968 ordinavit
1176 1893 1433 1969 determinavit
1449 1903 1487 1969 et
1505 1892 1666 1969 decrevit
1682 1895 1781 1995 quod
1798 1895 1889 1972 dicti
1906 1923 2002 1972 com·

457 2022 609 2122 missarij
625 2031 663 2097 et
679 2021 919 2096 communitas
931 2020 1088 2094 reddant
1100 2021 1290 2096 annuatim
1300 2019 1407 2096 dictis
1419 2020 1592 2095 fratribus
1603 2029 1640 2094 et
1653 2021 1728 2096 suis
1741 2022 2004 2100 successoribus

457 2151 498 2225 in
514 2149 680 2224 futurum
700 2147 815 2222 dictas
828 2147 963 2247 viginti
987 2146 1098 2221 libras
1121 2147 1256 2246 petitas
1281 2146 1327 2221 dc
1351 2146 1478 2245 primis
1502 2144 1617 2220 firmis
1641 2146 1719 2221 sive
1743 2146 1900 2222 denariis
1924 2174 2005 2248 per·

459 2274 634 2375 cipiendis
660 2282 725 2348 aut
749 2297 820 2373 que
844 2272 981 2371 percipi
997 2282 1171 2372 poterunt
1188 2272 1233 2347 de
1250 2271 1367 2372 burgo
1384 2281 1423 2346 et
1444 2270 1661 2347 molendinis
1677 2270 1724 2346 dc
1740 2270 1815 2348 Are
1830 2273 2005 2372 predictis

459 2427 524 2502 per
539 2425 669 2475 manus
687 2397 870 2497 camerarij
897 2396 1016 2473 Scotie
1033 2407 1071 2473 et
1086 2398 1337 2472 ministrorum
1354 2422 1500 2472 suorum
1517 2397 1581 2496 qui
1597 2423 1663 2496 pro
1680 2407 1842 2496 tempore
1867 2399 2004 2476 fuerint

460 2526 492 2602 si
509 2525 646 2602 dictam
671 2523 935 2599 assedationem
959 2522 1090 2598 habere
1106 2522 1290 2598 voluerint
1306 2531 1344 2596 et
1359 2531 1482 2598 tenere
1518 2521 1693 2622 Alioquin
1709 2523 1846 2598 dictam
1862 2526 2004 2601 asseda-

458 2654 597 2729 tionem
622 2651 812 2725 dimittant
836 2649 926 2724 dicti
951 2648 1184 2748 commissarij
1213 2659 1252 2724 et
1276 2647 1516 2723 aemunitas
1538 2647 1584 2723 de
1608 2648 1682 2724 Are
1704 2659 1742 2724 et
1758 2676 1838 2726 eam
1862 2633 2006 2728 sursum

459 2778 616 2854 reddant
639 2777 787 2852 domino
802 2787 927 2851 nostro
943 2776 1020 2876 regi
1036 2775 1096 2850 vel
1112 2801 1178 2850 suo
1195 2774 1389 2850 camerario
1406 2783 1449 2848 ut
1464 2773 1550 2848 inde
1566 2773 1689 2848 valeat
1703 2774 1893 2875 disponere
1909 2779 2007 2853 sicut

460 2903 599 2980 solebat
616 2912 654 2978 et
678 2901 868 2977 consuevit
884 2901 931 2976 ad
947 2902 1050 2976 cuius
1075 2901 1258 3000 camerarij
1277 2925 1408 2975 manus
1433 2899 1525 2975 dicti
1540 2899 1670 2974 fratres
1686 2900 1844 2978 habeant
1860 2929 2007 2980 cursum

460 3029 508 3104 ad
531 3055 635 3104 suam
658 3027 869 3128 pensionem
894 3027 1090 3126 petendam
1114 3027 1187 3102 nisi
1212 3026 1283 3101 alia
1307 3025 1528 3101 interveniat
1553 3026 1745 3101 concordia
1769 3027 1865 3103 inter
1890 3027 2008 3105 dictas

460 3165 581 3254 partes
595 3153 711 3252 Super
722 3153 855 3253 quibus
867 3151 986 3226 dictus
999 3153 1097 3250 prior
1109 3178 1131 3226 a
1143 3177 1202 3226 me
1214 3151 1354 3226 notario
1366 3151 1514 3250 publico
1526 3151 1728 3251 subscripto
1737 3153 1809 3228 sibi
1820 3154 2008 3253 publicum

461 3279 573 3378 peciit
588 3277 666 3352 fieri
684 3278 967 3352 instrumentum
1017 3276 1113 3352 Acta
1128 3277 1277 3351 fuerunt
1292 3275 1359 3352 hec
1375 3276 1474 3376 apud
1491 3277 1604 3352 Perth
1620 3278 1659 3353 in
1671 3281 1830 3378 pretorio
1848 3280 2009 3356 eiusdem

461 3430 557 3480 anno
570 3404 628 3479 die
640 3427 763 3478 mense
779 3401 994 3502 pontificatu
1012 3411 1050 3477 et
1064 3400 1263 3478 indictione
1280 3401 1412 3501 quibus
1428 3428 1538 3502 supra
1553 3405 1782 3503 presentibus
1798 3407 2009 3504 potentibus

461 3531 551 3606 viris
568 3529 714 3605 domino
731 3527 755 3602 J
756 3529 896 3603 ohanne
914 3529 1081 3603 Forcster
1096 3528 1213 3603 milite
1231 3527 1407 3628 deputato
1433 3528 1572 3604 domini
1597 3529 1789 3630 Camerarij
1818 3531 1937 3607 Scotie
1962 3557 2008 3608 ex

462 3665 566 3756 parte
592 3653 743 3729 australi
776 3679 869 3754 aque
894 3653 940 3728 de
967 3653 1080 3729 Forth
1108 3654 1255 3729 domino
1282 3653 1467 3729 Willelmo
1492 3653 1597 3754 Lang
1620 3665 1757 3730 rectore
1787 3655 1934 3732 ecclesie
1963 3656 2009 3731 de

463 3782 570 3857 Erole
585 3780 610 3855 J
611 3781 753 3856 ohanne
769 3779 815 3855 de
841 3779 1016 3855 Crauford
1032 3780 1221 3855 secretario
1238 3779 1377 3855 domini
1398 3781 1513 3856 nostri
1529 3781 1624 3878 regis
1640 3779 1788 3856 Andrca
1810 3781 1856 3856 de
1873 3781 2008 3858 Hawik

463 3907 612 3983 custode
641 3905 751 4007 sigilli
780 3905 870 3980 dieti
899 3905 1037 3980 domini
1064 3907 1138 3981 mei
1167 3906 1269 3981 ducis
1298 3906 1482 3982 Willelmo
1511 3905 1558 3982 de
1588 3905 1738 3982 camera
1766 3908 1813 3983 de
1837 3907 2010 3984 Abredon

464 4037 623 4112 Roberto
651 4035 775 4110 Broun
799 4034 965 4110 Johanne
993 4031 1039 4106 de
1064 4031 1159 4106 Leth
1184 4031 1230 4107 de
1256 4031 1369 4106 Parth
1395 4042 1434 4107 et
1461 4032 1508 4108 dc
1536 4031 1746 4108 Edinburcb
1770 4033 2010 4133 burgensibus

463 4161 647 4238 Willelmo
661 4161 801 4236 Ourour
812 4159 858 4234 de
870 4157 1080 4233 Edinburoh
1093 4168 1130 4232 11
1142 4157 1223 4232 aliis
1239 4157 1392 4233 testibus
1409 4157 1457 4233 ad
1468 4159 1642 4258 premissa
1652 4159 1792 4234 vocatis
1805 4160 2010 4259 specialiter

464 4298 503 4364 et
531 4287 667 4388 rogatis
692 4286 742 4361 Et
766 4287 814 4361 ed
841 4285 1014 4360 maiorem
1041 4283 1149 4358 huius
1173 4283 1227 4358 rei
1255 4282 1467 4359 firmitatem
1493 4284 1666 4359 noticiam
1692 4295 1730 4360 et
1753 4284 1865 4360 fidem
1889 4285 2010 4361 dictus

464 4415 632 4490 dominus
657 4411 733 4486 dux
755 4435 901 4510 presens
925 4408 1112 4509 publicum
1135 4409 1419 4485 instrumentum
1440 4409 1673 4509 impressione
1691 4409 1749 4485 sui
1768 4411 1878 4510 sigilli
1899 4411 2011 4510 jussit

465 4539 688 4616 communiri.

540 4667 590 4742 Et
606 4691 673 4766 ego
694 4662 719 4738 J
720 4662 878 4737 ohannes
897 4660 944 4735 11
967 4659 1126 4736 Ochiltre
1143 4659 1400 4736 Sanctiandree
1425 4659 1577 4735 diocesis
1600 4660 1768 4760 publicus
1793 4663 2011 4738 auctoritate

615 4787 813 4889 apostoliea
829 4787 991 4862 notarius
1007 4787 1191 4887 premissis
1216 4785 1432 4862 confessioni
1450 4785 1699 4862 submissionis
1719 4787 2012 4864 determinationi

616 4915 837 4992 ordinationi
850 4923 888 4988 et
901 4913 1043 4989 decreto
1057 4913 1146 4989 dum
1158 4914 1209 4988 sie
1226 4913 1329 4988 fieret
1345 4922 1388 4987 ut
1404 4912 1584 5012 prefertur
1599 4922 1637 4988 et
1654 4924 1821 5014 ageretur
1836 4941 1911 4990 una
1927 4939 2011 4989 cum

616 5041 823 5116 memoratis
847 5039 1004 5114 testibus
1020 5039 1060 5113 in
1076 5039 1261 5138 presencia
1277 5037 1459 5113 dictorum
1474 5038 1664 5113 reverendi
1683 5039 1798 5138 patris
1816 5048 1854 5114 11
1869 5041 2011 5140 magni-

617 5167 678 5243 fici
701 5166 876 5267 principis
900 5191 1046 5265 presens
1070 5165 1125 5240 fui
1138 5191 1250 5265 eaque
1267 5166 1318 5240 sic
1338 5163 1417 5239 fieri
1432 5165 1511 5239 vidi
1536 5165 1628 5240 scivi
1644 5175 1682 5240 ct
1706 5166 1833 5242 audivi
1850 5177 1888 5242 ct
1913 5192 1955 5241 ea
1971 5168 2011 5242 in

617 5293 712 5369 hanc
728 5292 912 5392 publicam
929 5291 1082 5366 formam
1093 5290 1215 5392 redegi
1230 5315 1313 5366 cum
1325 5289 1471 5365 nomine
1487 5315 1568 5366 meo
1582 5300 1620 5366 et
1628 5291 1889 5391 subscriptione
1906 5294 2011 5394 signo

617 5446 699 5496 meo
714 5419 821 5494 solito
838 5428 876 5493 et
893 5428 1063 5494 consueto
1080 5419 1262 5518 signatam
1274 5425 1421 5516 rogatus
1437 5417 1477 5491 in
1493 5418 1747 5516 premissorum
1763 5419 2011 5496 testimonium

617 5558 655 5623 et
670 5547 845 5623 veritatis.
