5138 6694
669 835 889 902 CHARTERS
911 835 965 900 OF
985 836 1071 900 THE
1092 835 1245 900 natans
1266 833 1517 900 PREAOHERS
1540 835 1593 899 OF
1614 834 1710 898 AYR.
1909 836 1971 900 103

417 1025 522 1101 abilis
539 1024 597 1100 vir
612 1023 637 1100 J
638 1025 798 1100 ohannes
814 1023 978 1100 Lokhert
996 1021 1042 1098 de
1059 1022 1284 1123 Dalmelling
1302 1021 1491 1124 burgensis
1508 1021 1554 1099 de
1570 1021 1637 1098 Air
1653 1023 1837 1124 quoddam
1854 1023 1972 1099 casine

416 1161 629 1252 preceptum
646 1152 857 1226 membrana
872 1150 1050 1248 scriptum
1067 1149 1151 1224 alba
1166 1174 1247 1224 cera
1262 1148 1445 1249 pendente
1461 1175 1561 1224 more
1578 1149 1788 1224 cancellarie
1805 1173 1972 1248 supreme

417 1278 563 1354 domine
588 1287 711 1353 nostre
741 1277 881 1378 Regine
910 1273 979 1350 sub
1003 1275 1217 1350 testimonio
1246 1275 1304 1351 sui
1332 1275 1459 1376 magni
1487 1274 1600 1374 sigilli
1623 1275 1842 1375 sigillattum
1872 1273 1971 1374 quod

417 1403 443 1480 J
443 1404 555 1480 acobo
571 1401 737 1478 Kenedie
753 1402 889 1478 ballivo
906 1402 946 1476 in
958 1401 1067 1476 huius
1084 1401 1193 1477 modo
1209 1412 1382 1501 precepto
1398 1401 1605 1502 specificato
1623 1401 1875 1501 exequendum
1887 1426 1969 1500 pre·

418 1531 580 1606 contavit
593 1523 813 1628 Quiquidem
823 1527 982 1603 ballivus
994 1526 1300 1602 illudrevcrentia
1312 1554 1385 1627 qua
1398 1527 1521 1603 decuit
1531 1527 1670 1626 recepit
1681 1527 1818 1603 etmihi
1828 1527 1970 1604 notario

418 1655 564 1755 publico
581 1653 784 1754 subscripto
801 1654 955 1730 tradidit
974 1653 1232 1754 perlegendum
1249 1655 1531 1754 exemplandum
1548 1655 1642 1730 etin
1666 1655 1761 1730 hanc
1786 1654 1970 1754 publicam

417 1783 654 1858 instrumenti
671 1781 826 1856 formam
842 1781 1081 1882 redigendum
1094 1779 1197 1856 cuius
1214 1781 1375 1879 precepti
1386 1791 1491 1856 tenor
1503 1781 1668 1879 sequitur
1684 1779 1751 1854 sub
1768 1779 1837 1854 hac
1853 1779 1970 1854 forma

419 1909 537 1986 Maria
562 1909 632 1984 Die
657 1909 779 2010 gracia
794 1907 921 2008 regina
946 1906 1137 1982 Scotorum
1153 1907 1399 1982 vicecomitati
1416 1916 1454 1982 ct
1478 1905 1624 1981 ballivis
1641 1906 1715 1981 suis
1732 1906 1778 1980 de
1794 1904 1862 1981 Air
1885 1929 1968 1981 nec·

419 2061 495 2111 non
511 2034 654 2110 dilectis
671 2033 805 2108 nostris
823 2032 848 2108 J
849 2031 961 2108 acobo
981 2031 1147 2108 Kenedie
1164 2033 1334 2132 burgensi
1346 2033 1508 2109 eiusdem
1525 2042 1563 2108 ct
1580 2057 1704 2108 eorum
1721 2031 1870 2107 cuilibet
1886 2057 1968 2106 con·

418 2161 574 2238 iunctim
597 2171 635 2236 ot
657 2160 806 2235 divisim
822 2157 1097 2234 vicecomitibus
1114 2159 1248 2234 nostris
1265 2156 1311 2233 de
1327 2158 1395 2232 Air
1416 2160 1457 2233 in
1480 2159 1547 2234 hac
1569 2167 1673 2259 parte
1697 2158 1851 2233 salutem
1875 2157 1971 2246 Quia

419 2311 487 2362 nos
509 2285 708 2386 impensius
731 2309 866 2360 munus
881 2295 1048 2360 nostrum
1069 2309 1154 2384 erga
1170 2283 1339 2359 divinum
1355 2285 1544 2360 servitium
1560 2284 1824 2384 perpendentes
1845 2295 1887 2369 ,61
1902 2309 1969 2383 pro

420 2413 565 2489 ardenti
588 2411 665 2486 zelo
682 2435 792 2510 quem
816 2409 863 2486 ob
879 2409 1175 2486 intertenendum
1199 2409 1368 2508 policiam
1394 2419 1432 2485 et
1455 2409 1659 2509 equabilem
1684 2409 1848 2484 ordinem
1873 2409 1970 2485 inter

419 2539 585 2616 subditos
601 2547 745 2612 nostros
761 2536 932 2636 precipue
948 2561 1034 2611 vero
1050 2535 1147 2610 infra
1166 2535 1323 2636 burgum
1340 2545 1504 2610 nostrum
1529 2536 1575 2610 de
1592 2536 1660 2610 Air
1684 2535 1969 2635 preservandum

419 2663 595 2740 habemus
629 2661 897 2738 considerantes
930 2661 1054 2760 itaque
1087 2685 1155 2736 nos
1189 2686 1235 2736 ex
1268 2660 1385 2735 officio
1418 2661 1536 2735 teneri
1570 2686 1705 2736 munus
1730 2687 1816 2761 erga
1849 2660 1969 2736 Deum

421 2790 612 2889 complecti
628 2788 758 2864 debere
783 2789 886 2863 cuius
907 2787 1139 2886 providentia
1151 2788 1319 2888 regimini
1343 2786 1453 2862 huius
1468 2787 1584 2862 nostri
1608 2787 1713 2887 regni
1737 2787 1971 2886 preponimur

420 2915 544 3015 sicque
566 2914 671 2989 nobis
696 2939 742 2988 ex
765 2912 880 2988 officio
907 2913 1115 2988 incumbere
1141 2913 1242 2988 omni
1265 2912 1419 2988 honesto
1445 2912 1554 2987 modo
1576 2938 1642 3012 pro
1665 2913 1841 2988 ministris
1866 2912 1971 2988 verbi

421 3041 491 3118 Dei
514 3039 704 3139 providere
730 3049 767 3114 et
792 3037 892 3140 quod
915 3039 1112 3138 hospitalia
1135 3037 1354 3139 pauperibus
1379 3039 1561 3114 mutilatis
1581 3049 1619 3113 et
1643 3039 1784 3114 miseris
1808 3039 1971 3138 personis

421 3167 594 3268 orphanis
612 3177 650 3241 et
675 3165 889 3266 parentibus
905 3165 1093 3240 destitutis
1118 3165 1321 3241 infantibus
1345 3165 1442 3240 inira
1458 3165 1598 3242 dictum
1623 3166 1780 3267 burgum
1805 3177 1968 3241 nostrum

420 3303 674 3394 preserventur
698 3301 782 3390 post
807 3301 971 3366 nostram
994 3291 1194 3390 perlectam
1219 3301 1356 3367 etatem
1380 3316 1465 3366 cum
1490 3292 1715 3368 avisamento
1740 3290 1970 3367 dominorum

423 3419 574 3496 Consilii
600 3418 717 3492 nostri
742 3417 872 3493 secreti
901 3417 1069 3493 dedimus
1094 3417 1337 3493 concessimus
1362 3417 1607 3517 disposuimus
1632 3443 1674 3494 ac
1707 3443 1773 3518 pro
1802 3417 1909 3492 nobis
1935 3429 1973 3493 et

422 3547 554 3622 nostris
571 3544 833 3621 successoribus
858 3570 924 3643 pro
946 3553 1121 3644 perpetuo
1138 3545 1432 3620 confirmavimus
1449 3569 1589 3620 necnon
1606 3555 1731 3620 tenore
1747 3543 1971 3645 presentium
2067 3539 2070 3546 ’

422 3671 552 3746 damus
593 3671 824 3746 concedimus
865 3671 1091 3770 disponimus
1134 3697 1177 3746 ac
1217 3696 1284 3770 pro
1325 3669 1432 3746 nobis
1474 3681 1512 3746 et
1544 3671 1677 3746 nostris
1711 3670 1971 3745 successoribus

423 3823 490 3898 pro
506 3807 681 3896 perpetuo
699 3795 955 3871 confirmamus
970 3797 1179 3896 predilectis
1196 3797 1330 3872 nostris
1346 3797 1530 3897 preposito
1547 3796 1692 3872 ballivis
1709 3795 1918 3871 consulibus
1935 3807 1972 3872 et

424 3922 687 3999 communitate
721 3921 810 3997 dicti
845 3923 962 3997 nostri
995 3922 1102 4022 burgi
1136 3932 1175 3997 et
1208 3922 1371 4021 ipsorum
1405 3921 1668 3997 successoribus
1701 3921 1971 4020 imperpetuum

424 4074 548 4125 omnes
561 4059 600 4124 et
613 4047 775 4148 singulas
788 4059 903 4123 terras
916 4059 1125 4123 tenemento
1141 4047 1267 4124 domos
1284 4047 1427 4124 edificia
1439 4047 1606 4123 ccclesias
1618 4048 1800 4147 cappellae
1811 4049 1973 4148 pomeria

423 4175 547 4250 hortos
564 4199 664 4251 acras
681 4175 814 4249 croftas
839 4199 979 4249 annuos
1003 4175 1168 4250 redditus
1193 4175 1403 4250 molendina
1427 4173 1643 4274 piscationes
1667 4174 1807 4250 fructus
1832 4151 1974 4249 divoria

423 4301 584 4400 proficua
601 4299 845 4376 emolumenta
860 4299 983 4375 firmas
1000 4301 1213 4376 elemosinas
1235 4301 1283 4376 lie
1307 4299 1493 4376 dailsilver
1518 4300 1639 4376 obitus
1665 4311 1703 4376 et
1728 4302 1974 4378 anniversaria

423 4452 636 4527 quecunque
676 4452 747 4526 que
781 4426 1018 4526 quovismodo
1052 4428 1309 4527 pertinuenmt
1342 4437 1407 4502 aut
1439 4427 1620 4526 pertinere
1653 4427 1894 4503 dinoscuntur
1927 4428 1974 4504 ad

424 4577 657 4651 quascunque
673 4553 903 4651 cappelanias
928 4553 1101 4654 alteragia
1124 4553 1325 4652 prebendas
1353 4552 1393 4628 in
1420 4578 1634 4652 quacunque
1661 4553 1810 4629 ecclesia
1837 4555 1977 4654 capella

424 4687 489 4753 aut
522 4679 673 4778 collegio
705 4679 803 4754 infra
834 4679 1041 4754 libertatem
1075 4689 1139 4753 aut
1170 4678 1379 4778 parochiam
1413 4677 1505 4753 dicti
1538 4679 1656 4754 nostri
1688 4679 1796 4779 burgi
1830 4680 1876 4756 de
1909 4679 1976 4756 Air

424 4803 580 4879 fundata
612 4830 677 4880 seu
705 4803 878 4880 fundatas
907 4831 973 4904 per
1001 4830 1252 4906 quemcunque
1281 4816 1477 4904 patronum
1493 4803 1543 4878 'in
1570 4831 1724 4905 quarum
1752 4807 1977 4905 possessione

425 4931 629 5031 cappellani
663 4941 701 5006 ct
734 4930 962 5031 prebendarij
999 4931 1195 5006 earundem
1224 4933 1390 5031 perprius
1418 4930 1564 5006 fuerant
1595 4931 1803 5031 vbicunque
1835 4932 1976 5031 prefate

425 5055 554 5132 domus
596 5066 807 5132 tenemento
848 5056 990 5132 edificia
1030 5057 1192 5156 pomeria
1233 5058 1333 5132 horti
1374 5083 1455 5133 acre
1500 5056 1615 5133 crofte
1657 5059 1771 5133 annui
1812 5047 1978 5135 redditus

424 5184 642 5284 piscationes
667 5181 877 5258 molendina
901 5183 1147 5257 anniversaria
1171 5181 1313 5257 fructus
1337 5181 1499 5280 proficua
1524 5192 1563 5258 et
1587 5183 1832 5258 emolumenta
1852 5185 1979 5282 jacent

424 5321 489 5386 aut
505 5311 607 5410 prius
622 5308 744 5386 levata
759 5308 905 5383 fuerant
925 5309 1124 5406 respective
1147 5333 1231 5383 cum
1256 5305 1476 5384 molendinis
1501 5307 1592 5384 locis
1617 5309 1732 5383 hortis
1757 5310 1849 5384 acris
1874 5309 1981 5385 terris

426 5437 557 5512 annuis
590 5433 794 5512 redditibus
828 5433 1084 5510 emolumentis
1118 5445 1156 5512 et
1190 5435 1342 5511 divoriis
1383 5434 1659 5535 quibuscunque
1695 5460 1767 5535 que
1787 5424 1789 5429 ’
1807 5435 1981 5560 fratribus
