5142 6684
708 819 927 886 CHARTERS
949 819 1003 884 OF
1022 819 1107 883 THE
1127 819 1280 882 numus
1301 817 1548 884 PREAOHERS
1570 819 1623 882 OF
1644 819 1739 882 AYR.
1962 823 2002 882 25

455 1115 511 1188 17.
540 1109 700 1210 Precept
733 1111 780 1210 by
812 1108 999 1187 cardinal
1030 1108 1173 1184 Walter
1199 1121 1234 1184 ιο
1260 1107 1318 1182 tbe
1350 1106 1463 1184 Vicae
1491 1106 1652 1206 ofAyr,
1680 1121 1715 1184 ιο
1747 1133 1914 1184 enormen
1945 1107 2002 1183 tbe

603 1236 749 1314 Bsilice
765 1237 845 1313 aad
860 1236 1061 1335 Boryeeses
1078 1234 1123 1334 (ff
1132 1235 1189 1310 tbe
1205 1233 1291 1310 said
1308 1232 1442 1332 Burpb
1459 1246 1493 1308 to
1511 1233 1567 1310 tte
1584 1233 1719 1312 Action
1736 1235 1889 1312 between
1906 1234 2002 1310 tbem

525 1435 529 1446 .
603 1363 683 1440 cod
699 1363 757 1438 tbe
773 1361 909 1440 Fetere
924 1358 1298 1460 Preacbers.-[12tb
1315 1359 1410 1458 Joty
1430 1357 1558 1460 1386.]

519 1572 701 1648 Walterus
715 1569 948 1646 miseracione
961 1568 1089 1644 divina
1101 1578 1225 1643 sancte
1239 1568 1400 1643 Romane
1418 1567 1565 1644 ecclesie
1579 1568 1780 1644 Oardinalis
1793 1569 2001 1646 omnimoda

450 1709 632 1800 potestate
658 1698 770 1798 legati
792 1723 815 1771 a
840 1695 954 1770 latere
980 1695 1020 1769 in
1048 1694 1171 1770 Scooie
1201 1704 1240 1768 et
1268 1694 1426 1769 Ybernie
1454 1695 1576 1794 regnis
1605 1694 1822 1770 sufficienter
1850 1695 2001 1770 fulcitus

451 1825 585 1901 dilecto
601 1824 707 1899 nobis
723 1825 763 1897 in
781 1821 925 1898 Christo
942 1829 1117 1921 perpetuo
1133 1821 1268 1895 vicario
1286 1819 1434 1895 ecclesie
1450 1820 1496 1894 de
1513 1819 1587 1894 Are
1604 1819 1837 1921 Glasguensis
1851 1823 2002 1898 diocesis

450 1951 605 2026 salutem
623 1951 663 2024 in
679 1949 837 2024 Domino
888 1947 984 2036 Quia
1009 1946 1097 2020 alias
1114 1947 1219 2020 citari
1235 1945 1387 2020 fecimus
1403 1944 1599 2046 burgenses
1616 1945 1723 2046 burgi
1741 1948 1787 2023 de
1811 1947 1885 2024 Are
1901 1948 2001 2049 quod

450 2084 699 2176 comparerent
725 2099 846 2149 coram
872 2070 978 2146 nobis
994 2071 1054 2146 vel
1071 2097 1136 2170 per
1152 2097 1191 2146 se
1207 2072 1267 2147 vel
1293 2096 1359 2171 per
1384 2081 1633 2172 procuratores
1660 2071 1877 2150 sufficientes
1895 2075 2001 2151 certis

449 2202 573 2278 dicet
605 2202 683 2277 loco
718 2199 854 2276 eisdem
888 2197 1082 2298 assignatis
1116 2223 1199 2272 cum
1234 2196 1403 2272 omnibus
1437 2199 1527 2273 actis
1560 2197 1698 2272 iuribus
1732 2199 1928 2300 evidencijs
1962 2211 2001 2277 et

447 2327 683 2404 munimentis
725 2325 858 2426 quibus
899 2323 1098 2398 intendunt
1139 2349 1285 2398 causam
1326 2349 1397 2424 qus
1429 2324 1587 2398 vertitur
1627 2325 1725 2400 inter
1765 2327 1921 2425 priorem
1963 2338 2001 2402 et

448 2462 669 2529 conventum
685 2451 840 2525 fratrum
856 2448 1129 2524 Predieatorum
1147 2447 1192 2526 de
1208 2448 1282 2523 Are
1299 2474 1345 2524 ex
1364 2459 1467 2550 parte
1484 2474 1558 2524 una
1576 2459 1613 2525 et
1628 2450 1726 2549 ipsos
1743 2451 1938 2552 burgenses
1955 2479 2000 2528 ex

447 2579 562 2654 altera
588 2577 634 2652 ad
662 2575 919 2676 opponendum
947 2585 984 2650 et
1010 2574 1305 2674 respondendnm
1331 2575 1371 2649 in
1398 2575 1498 2650 dicta
1527 2602 1634 2652 causa
1660 2588 1698 2652 et
1724 2578 1772 2652 ad
1798 2578 1999 2656 videndum

447 2703 593 2802 procedi
625 2703 665 2776 in
705 2700 832 2776 eadem
874 2700 988 2778 eciam
1030 2700 1078 2775 ad
1120 2699 1356 2778 diffinitivam
1397 2702 1620 2776 sentenciam
1661 2703 1694 2777 si
1734 2703 1883 2803 liquiret
1916 2732 2000 2782 cum

447 2828 679 2904 intimacione
696 2825 795 2926 quod
812 2825 843 2900 si
860 2825 974 2900 altera
990 2851 1074 2925 pars
1101 2825 1212 2900 fuerit
1241 2825 1369 2900 absens
1397 2826 1512 2901 altera
1536 2837 1640 2925 parte
1667 2828 1828 2903 instante
1845 2829 2001 2906 indicta

446 2979 554 3028 causa
585 2952 858 3052 procederemus
891 2949 931 3026 in
965 2961 1146 3054 quantum
1188 2951 1235 3026 de
1276 2951 1355 3026 iure
1395 2951 1508 3027 fuerit
1548 2952 1820 3052 procedendum
1853 2965 1891 3031 et
1924 2983 1999 3033 non

444 3086 723 3179 comparuenmt
739 3087 795 3156 set
811 3103 850 3154 se
867 3077 1129 3152 contumaciter
1145 3075 1385 3152 absentarunt
1427 3077 1504 3152 Nos
1521 3079 1686 3153 volentes
1712 3079 1752 3154 in
1775 3080 1875 3156 dicta
1891 3108 2000 3159 causa

445 3215 588 3280 mature
623 3202 814 3303 procedere
861 3203 909 3278 ad
951 3227 1096 3280 omnem
1136 3203 1299 3301 ipsorum
1340 3203 1522 3278 maliciam
1565 3206 1852 3281 convincendam
1894 3209 1999 3286 vobis

446 3332 662 3406 auctoritate
694 3329 921 3428 presencium
955 3329 1217 3406 committimus
1253 3328 1472 3428 precipimus
1505 3339 1543 3404 et
1576 3331 1791 3406 mandamus
1824 3335 1998 3432 quatinus

446 3456 568 3532 citetis
597 3455 750 3530 ballivos
778 3455 869 3530 dicti
895 3455 1003 3555 burgi
1030 3453 1076 3528 de
1102 3453 1176 3530 Are
1204 3480 1245 3530 oc
1273 3479 1398 3528 omnes
1428 3455 1516 3530 alios
1544 3467 1581 3532 et
1608 3457 1770 3556 singulos
1802 3458 1998 3558 burgenses

445 3585 607 3661 eiusdem
624 3611 662 3659 se
678 3584 718 3658 in
735 3583 834 3657 dicta
859 3606 965 3656 causa
981 3580 1269 3656 intromittentes
1286 3580 1385 3679 quod
1410 3592 1645 3679 compareant
1671 3607 1792 3657 coram
1816 3584 1921 3659 nobis
1937 3587 1998 3661 vel

444 3711 669 3787 auditoribus
691 3707 825 3783 nostris
851 3705 1017 3806 pluribus
1039 3715 1105 3779 aut
1130 3730 1204 3782 uno
1231 3706 1271 3779 in
1298 3705 1448 3781 ecclesia
1473 3707 1603 3782 maiori
1629 3707 1846 3808 Glasguensi
1863 3711 1902 3784 in
1919 3709 1997 3786 loeo

444 3835 682 3912 consistoriali
699 3831 861 3908 eiusdem
877 3857 943 3930 per
959 3856 997 3904 ee
1013 3829 1073 3904 vel
1089 3855 1155 3928 per
1171 3839 1420 3928 procuratores
1442 3830 1604 3930 ydoneos
1628 3833 1799 3908 vicesimo
1817 3843 1920 3909 sexto
1938 3835 1998 3911 die

443 3961 552 4036 huius
568 3961 703 4035 mensis
719 3957 743 4034 J
744 3957 807 4057 ulij
827 3957 875 4032 ad
891 3953 1114 4031 audiendum
1131 3964 1170 4028 et
1186 3953 1388 4029 videndum
1412 3957 1634 4031 sentenciam
1659 3956 1894 4034 diffinitivam
1910 3959 1997 4036 ferri

443 4089 483 4163 in
500 4087 600 4162 dicta
617 4111 723 4161 causa
739 4083 800 4158 vel
817 4081 864 4156 ad
881 4078 1147 4156 ostendendum
1164 4105 1310 4154 causam
1326 4077 1580 4156 'racionabilam
1593 4108 1704 4182 quare
1720 4083 1759 4158 in
1773 4083 1873 4159 dicta
1889 4111 1997 4162 causa

443 4213 626 4289 sentencia
642 4237 717 4286 non
735 4220 791 4286 est
816 4205 965 4282 ferenda
992 4203 1212 4280 Intimantes
1240 4204 1375 4278 eisdem
1402 4206 1501 4304 quod
1526 4207 1603 4282 sive
1630 4208 1728 4284 dicto
1756 4211 1815 4285 die
1841 4216 1996 4292 veniunt

442 4341 519 4415 sive
536 4364 610 4415 non
626 4339 666 4413 in
684 4337 782 4412 dicta
798 4359 906 4409 causa
925 4330 1158 4432 procedemus
1174 4330 1214 4402 in
1231 4339 1408 4428 quantum
1427 4330 1474 4405 de
1490 4331 1567 4408 iure
1592 4331 1703 4410 fuerit
1726 4339 1995 4435 procedendum

441 4466 602 4566 ipsorum
620 4459 846 4540 contumacia
862 4483 937 4533 non
955 4456 1124 4531 obstante
1167 4454 1212 4528 In
1230 4455 1376 4554 signum
1392 4481 1477 4530 vero
1494 4455 1603 4532 huius
1619 4461 1783 4536 mandati
1798 4467 1913 4540 nostri
1929 4493 1995 4566 per

442 4617 509 4665 vos
525 4590 668 4690 plenius
685 4585 828 4663 executi
844 4583 1007 4685 sigillum
1023 4590 1187 4656 vestrum
1212 4581 1440 4679 presentibus
1456 4585 1648 4682 apponatis
1665 4596 1703 4661 et
1720 4613 1780 4662 eas
1798 4592 1993 4668 earundem

440 4716 582 4790 reddite
598 4713 768 4816 portitori
808 4711 948 4786 Datum
961 4707 1030 4782 sub
1046 4705 1166 4806 sigillo
1183 4715 1308 4779 nostro
1325 4706 1421 4804 apud
1435 4707 1569 4784 Lacum
1589 4709 1658 4810 xij⁰
1676 4711 1734 4788 die
1751 4717 1884 4790 mensis
1900 4716 1926 4792 J
1927 4717 1990 4817 ulij

441 4867 537 4916 anno
554 4839 705 4914 Domini
721 4837 913 4912 millesimo
931 4847 1033 4910 οοο1110
1051 4832 1272 4930 octogesimo
1289 4841 1402 4908 sexto.

1076 5093 1350 5169 Temsmrrou.
1369 5091 1374 5100 '

515 5277 665 5367 Walter,
696 5273 748 5374 by
776 5272 840 5348 the
870 5271 995 5348 divine
1023 5297 1159 5371 mercy,
1190 5270 1361 5346 Oardinal
1391 5271 1432 5346 of
1461 5271 1526 5347 the
1556 5272 1645 5373 holy
1673 5275 1813 5353 Roman
1842 5279 1988 5374 ehurch,

436 5401 603 5478 invested
619 5400 709 5474 with
726 5398 877 5499 plenary
892 5422 1014 5496 power
1034 5396 1075 5471 of
1096 5397 1215 5496 legate
1232 5422 1259 5472 ο
1276 5395 1391 5474 latere
1408 5397 1448 5472 in
1465 5398 1529 5474 the
1546 5399 1740 5501 kingdoms
1757 5403 1798 5478 of
1815 5403 1989 5484 Scotland

1202 5519 1227 5572 n
