5138 6694
670 841 889 908 CHARTERS
911 843 964 907 OF
986 841 1070 906 THE
1092 839 1243 904 FRIARS
1264 839 1510 906 Puteolanas
1533 841 1586 906 01⁴¹
1606 842 1701 908 AYR.
1917 849 1957 912 75

412 1032 684 1108 Predicatorum
701 1031 747 1106 de
772 1029 859 1105 hire
884 1029 1029 1128 suisque
1046 1029 1309 1105 successoribus
1326 1039 1364 1104 et
1381 1029 1682 1106 conventualibus
1708 1029 1869 1109 eiusdem
1889 1035 1959 1112 loci

411 1159 678 1259 imperpetuum
690 1183 756 1256 per
765 1155 1004 1256 tradicionem
1019 1156 1128 1232 unius
1144 1154 1280 1255 denarij
1303 1165 1348 1230 ut
1362 1155 1473 1231 moris
1484 1166 1539 1232 est
1555 1157 1656 1231 salvo
1669 1157 1751 1257 jure
1768 1161 1960 1238 cuiuslibet
2052 1157 2056 1166 “

411 1285 461 1360 Et
489 1285 558 1361 hoc
582 1310 648 1385 pro
677 1292 853 1383 perpetuo
887 1281 1135 1356 anniversario
1167 1281 1288 1356 fiendo
1316 1306 1382 1380 per
1414 1293 1634 1358 conventum
1667 1285 1758 1360 dicti
1790 1287 1861 1363 loci
1893 1313 1960 1387 pro

411 1411 600 1487 animabus
617 1409 801 1510 quondam
817 1408 842 1482 J
843 1407 996 1482 ohannis
1013 1407 1191 1482 Creufurd
1208 1418 1246 1482 et
1262 1406 1286 1481 J
1287 1418 1393 1482 onete
1409 1407 1601 1484 Merschell
1619 1411 1831 1512 coniugibus
1848 1413 1905 1490 De
1922 1425 1960 1491 et

411 1563 520 1637 super
544 1537 676 1637 quibus
701 1533 870 1609 omnibus
887 1543 925 1609 et
950 1533 1103 1634 singulis
1127 1533 1310 1632 premissis
1332 1534 1445 1632 peciit
1468 1534 1629 1632 prefatus
1653 1537 1752 1636 prior
1775 1563 1840 1638 pro
1857 1563 1896 1615 se
1921 1551 1960 1616 et

412 1689 478 1738 suo
495 1673 677 1739 conventu
693 1685 810 1736 unum
831 1669 896 1735 eut
911 1659 1017 1758 plura
1041 1660 1324 1735 instrumentum
1340 1660 1401 1736 vel
1426 1661 1669 1736 instrumenta
1684 1663 1871 1760 publicum
1896 1691 1960 1742 seu

411 1787 557 1888 publica
573 1789 642 1864 sibi
658 1815 723 1888 per
734 1813 793 1862 ms
809 1786 993 1862 notarium
1005 1785 1191 1885 publicum
1204 1784 1446 1885 subscriptum
1464 1787 1549 1864 inde
1565 1787 1642 1888 fierj
1661 1789 1757 1864 Acta
1773 1801 1876 1866 erant
1892 1792 1959 1870 hec

412 1938 520 2012 super
536 1913 653 1992 solum
678 1913 770 1989 dicti
786 1911 989 1988 tenementi
1012 1910 1102 1986 hora
1118 1910 1312 1986 undecima
1327 1921 1413 1987 ante
1438 1913 1625 1988 meridiem
1642 1915 1702 1989 vel
1719 1941 1761 1990 eo
1778 1916 1872 1991 circe
1891 1917 1959 1994 sub

411 2064 507 2115 anno
531 2065 653 2116 mense
678 2040 738 2114 die
767 2037 969 2114 indiccione
994 2047 1032 2112 et
1048 2036 1265 2137 pontificatu
1282 2038 1416 2136 quibus
1439 2063 1550 2138 supra
1569 2039 1797 2139 presentibus
1822 2043 1959 2119 ibidem

410 2164 436 2239 J
437 2165 577 2240 ohanne
593 2164 795 2263 Dalrimple
811 2163 888 2238 filio
904 2163 1071 2262 perprius
1089 2161 1221 2262 Gavinj
1241 2162 1382 2236 Thema
1405 2161 1595 2262 M‘eroye
1620 2161 1778 2266 Hugcne
1802 2165 1959 2242 Rollaud

412 2289 594 2367 Willelmo
623 2291 745 2366 Nicoll
770 2288 908 2364 seniore
934 2299 972 2364 et
996 2288 1137 2388 Rogare
1164 2286 1341 2363 Sebankis
1367 2313 1451 2364 oum
1472 2290 1601 2365 multis
1626 2291 1706 2366 aliis
1730 2292 1886 2368 testibus
1910 2293 1957 2368 ad

410 2419 584 2516 premissa
599 2417 737 2493 voeatis
753 2416 889 2515 pariter
905 2423 943 2488 et
959 2413 1104 2514 rogatis.

486 2545 536 2620 Et
553 2568 620 2644 ego
637 2567 725 2618 vero
741 2539 768 2616 J
770 2540 901 2616 aoobus
928 2539 1127 2615 Prestoune
1144 2539 1292 2615 clericus
1319 2539 1553 2642 Glasgucnsis
1570 2541 1722 2618 diocesis
1738 2567 1837 2618 sacra
1854 2569 1958 2643 apos·

560 2669 669 2745 tolica
679 2693 721 2742 ac
730 2666 830 2768 regie
840 2664 1116 2742 auctoritatibus
1126 2666 1289 2741 notarius
1298 2666 1466 2765 publicus
1479 2665 1560 2768 (etc.
1572 2667 1736 2744 informa
1746 2667 1955 2768 communi).

1075 2917 1281 2994 Aesraaer.

485 3075 622 3164 Sasine,
639 3071 857 3173 proceeding
881 3094 929 3144 on
953 3067 1176 3168 resignation
1201 3065 1253 3166 by
1270 3065 1390 3144 Gavin
1408 3067 1620 3170 Dalrimple,
1637 3071 1786 3172 burgess
1804 3071 1846 3148 of
1863 3073 1954 3174 Ayr,

409 3202 450 3276 in
466 3202 529 3277 the
545 3199 663 3276 hands
680 3199 721 3274 of
734 3195 944 3273 Alexander
959 3194 1137 3292 Boyman,
1159 3191 1279 3285 bailia,
1298 3193 1339 3268 of
1353 3219 1400 3269 an
1418 3195 1636 3272 annualrsnt
1654 3197 1695 3272 ol
1716 3197 1772 3273 six
1789 3199 1956 3302 shillinge

410 3327 483 3402 and
512 3327 724 3428 eightpence
750 3325 843 3398 from
867 3322 932 3397 the
956 3327 1143 3396 tenement
1167 3318 1208 3393 of
1230 3317 1385 3396 Thomas
1410 3319 1609 3421 M‘eroye
1639 3323 1799 3399 situated
1827 3325 1865 3400 in
1892 3325 1956 3402 the

410 3451 593 3553 Sandgete
610 3451 651 3526 of
664 3452 753 3549 Ayr,
771 3449 936 3524 between
951 3445 1014 3522 the
1030 3453 1218 3520 tenement
1235 3443 1276 3519 of
1288 3445 1352 3520 the
1369 3446 1540 3522 deceased
1560 3447 1721 3524 Mathew
1742 3450 1901 3528 Wallece
1918 3453 1960 3529 of

410 3577 526 3678 Crago
551 3602 599 3652 on
614 3577 678 3652 the
698 3575 818 3666 south,
837 3572 911 3649 and
927 3571 1011 3647 that
1027 3571 1068 3645 of
1080 3568 1229 3644 Patrick
1245 3567 1399 3647 Achlare
1417 3599 1465 3648 on
1481 3574 1546 3649 the
1562 3573 1682 3667 north,
1700 3575 1740 3652 in
1764 3575 1893 3653 favour
1917 3579 1959 3654 of

408 3702 472 3778 the
501 3701 589 3776 frier
613 3701 727 3801 Hugh
754 3700 923 3798 Ramsay,
954 3697 1054 3797 prior
1079 3693 1120 3770 of
1145 3693 1209 3768 the
1239 3693 1359 3772 Friars
1388 3697 1582 3776 Preaohcrs
1611 3699 1653 3776 of
1677 3699 1767 3801 Ayr,
1794 3703 1867 3778 and
1896 3703 1954 3780 bis

355 3893 358 3900 .
409 3853 617 3919 successore,
635 3827 692 3902 for
716 3853 738 3900 a
761 3823 949 3925 perpetual
973 3822 1207 3918 anniversary
1227 3831 1267 3895 to
1292 3821 1336 3898 be
1361 3824 1440 3899 said
1465 3825 1516 3925 by
1541 3826 1603 3902 the
1629 3829 1866 3904 conventior
1890 3829 1954 3907 the

408 3954 506 4030 souls
531 3952 572 4028 of
592 3951 656 4028 the
681 3951 852 4027 deceased
875 3949 974 4026 John
1000 3944 1178 4024 Oraufurd
1203 3947 1276 4024 end
1295 3948 1408 4026 Janet
1424 3950 1598 4026 Marshall
1613 3952 1671 4027 his
1688 3954 1779 4030 wife.
1833 3955 1954 4033 Deted

411 4081 501 4156 rath
518 4078 673 4156 October
692 4083 798 4154 1508.

435 4389 493 4460 51.
520 4381 753 4458 Iuatmuueut
769 4403 816 4453 oe
834 4377 892 4454 the
914 4376 1184 4456 Recumiutiou
1203 4377 1249 4478 by
1268 4377 1425 4454 lboorue
1440 4373 1859 4476 heptamimerim,
1881 4380 1928 4480 of

754 4501 976 4604 bicsutber's
992 4501 1245 4606 handu-[Mle
1261 4504 1456 4603 February
1475 4499 1602 4605 1509]

483 4679 528 4756 In
545 4679 616 4755 Dei
631 4679 779 4754 nomine
796 4678 939 4756 Amen:
970 4679 1041 4754 Per
1056 4679 1125 4755 hoc
1140 4704 1287 4778 presens
1304 4679 1492 4779 pubhcum
1508 4680 1793 4757 instrumentum
1810 4683 1952 4758 cunctis

407 4816 533 4906 pateat
565 4805 754 4881 evidenter
790 4805 889 4904 quod
922 4831 1019 4880 anno
1051 4805 1313 4880 incarnacionis
1355 4805 1547 4882 Dominice
1579 4807 1804 4906 myllessimo
1842 4809 1949 4908 quin·

406 4933 626 5034 gentessimo
643 4955 740 5006 nono
756 4929 816 5005 die
831 4955 918 5006 vero
935 4931 1071 5006 mensis
1094 4930 1282 5006 Februarii
1306 4941 1436 5031 quarto
1460 4929 1664 5008 indiccione
1681 4933 1823 5010 decima
1838 4936 1951 5011 tercia

407 5057 642 5158 pontificatus
671 5055 890 5131 sanctissimi
919 5057 959 5130 in
988 5055 1124 5132 Christi
1156 5057 1271 5155 patris
1301 5081 1343 5132 ac
1372 5056 1512 5132 domini
1540 5058 1657 5132 nostri
1686 5059 1825 5135 domini
1857 5060 1948 5162 Julij

406 5184 532 5260 divina
556 5181 790 5282 providencia
813 5206 907 5280 pepe
933 5181 1083 5258 secundi
1107 5207 1204 5257 anno
1229 5183 1360 5283 quinto
1412 5183 1458 5258 In
1484 5184 1556 5258 mei
1585 5185 1720 5259 notarii
1748 5185 1885 5284 publici
1910 5195 1949 5262 et

406 5311 557 5387 testium
573 5307 859 5407 subscriptorum
874 5307 1111 5406 personaliter
1126 5308 1319 5383 constituti
1336 5308 1409 5384 duo
1424 5308 1583 5410 religiosi
1607 5311 1771 5410 germani
1794 5337 1949 5410 quorum

406 5463 501 5512 unus
534 5435 693 5510 Thomas
724 5432 934 5508 nominatur
974 5433 1066 5508 alter
1105 5458 1193 5508 vero
1225 5432 1391 5509 Andreas
1432 5432 1550 5533 Layse
1591 5435 1776 5534 predictus
1821 5437 1948 5514 eodem
