5138 6694
594 811 633 870 98
852 803 1070 870 OHARTERS
1092 803 1146 870 OF
1166 803 1252 866 THE
1271 803 1423 867 FRIARS
1445 803 1692 868 PRnAcHnRs
1716 803 1769 868 OF
1789 803 1888 868 AYR.

593 995 784 1094 questione
809 992 991 1068 demanda
1015 1019 1079 1068 seu
1104 991 1254 1067 servitio
1280 989 1431 1066 seculari
1456 1015 1527 1089 que
1556 987 1603 1064 de
1632 999 1712 1064 toto
1742 999 1780 1066 et
1808 989 1953 1090 integro
1980 989 2147 1089 predicto

593 1131 801 1197 tenemento
819 1145 901 1196 cum
919 1117 1153 1219 pertinenciis
1169 1142 1236 1216 per
1251 1141 1486 1216 quoscunque
1510 1115 1606 1190 iuste
1636 1115 1734 1215 exigi
1760 1126 1934 1214 poterunt
1950 1115 2147 1215 quomodo-

592 1247 683 1322 libet
699 1247 759 1322 vel
775 1245 909 1345 requiri
959 1244 1109 1320 Proviso
1132 1253 1257 1318 tamen
1283 1241 1382 1340 quod
1406 1241 1592 1341 predictus
1616 1240 1803 1317 Johannes
1820 1241 1920 1316 Blair
1945 1253 1983 1316 et
2008 1242 2150 1318 Helena

594 1371 767 1448 Oathcart
784 1373 861 1448 eius
882 1396 1014 1469 sponsa
1031 1395 1225 1468 eorumque
1241 1368 1392 1443 heredes
1418 1368 1611 1467 prescripti
1628 1369 1680 1442 sic
1706 1367 1928 1443 edificabunt
1953 1393 1995 1442 ac
2019 1392 2147 1442 manu·

592 1497 772 1573 tenebunt
805 1497 946 1571 dietum
979 1505 1230 1570 tenementum
1263 1495 1363 1594 quod
1396 1520 1472 1569 esse
1502 1495 1619 1592 possit
1648 1518 1789 1592 semper
1825 1491 2045 1568 sufficienter
2072 1493 2147 1567 dis-

592 1622 778 1723 tringibile
794 1648 860 1722 pro
877 1621 1028 1720 prefatis
1045 1647 1109 1696 sex
1125 1621 1254 1694 marcis
1271 1618 1476 1694 feudifirme
1494 1629 1532 1693 et
1549 1617 1648 1718 qnod
1670 1643 1744 1693 non
1762 1618 1974 1694 alienabunt
1990 1619 2067 1693 sive
2084 1643 2149 1717 per

594 1749 841 1822 venditionem
859 1748 935 1822 sive
962 1772 1027 1846 per
1053 1746 1290 1820 donationem
1317 1745 1394 1820 sive
1421 1769 1486 1842 per
1511 1743 1817 1843 permutationem
1842 1745 1920 1818 sive
1947 1769 2012 1842 per
2039 1745 2149 1818 aliam

593 1899 858 1975 quamcumque
887 1873 1043 1972 speciem
1070 1871 1301 1947 alienationis
1329 1870 1488 1968 aliquam
1516 1881 1658 1968 partem
1685 1869 1817 1968 prefati
1843 1870 2044 1944 tenementi
2071 1869 2148 1944 sive

593 2000 751 2100 aliquem
764 2025 926 2073 annuum
938 1997 1125 2072 redditum
1137 1997 1183 2071 de
1196 1996 1360 2095 predicto
1373 2006 1454 2070 toto
1466 2005 1675 2070 tenemento
1687 1996 1749 2070 vel
1761 1995 1807 2070 de
1820 1996 1898 2071 eius
1912 1995 2034 2095 aliqua
2045 2004 2150 2097 parte

593 2137 636 2200 ut
652 2125 868 2224 premissum
886 2133 941 2198 est
959 2123 1114 2198 alienare
1136 2121 1274 2196 Verum
1289 2121 1414 2196 licebit
1430 2121 1519 2220 ipsis
1536 2131 1574 2196 et
1591 2147 1715 2196 eorum
1732 2121 1925 2197 heredibus
1942 2121 2150 2221 prescriptis

592 2261 714 2326 totum
727 2251 848 2349 ipsum
860 2259 1109 2324 tenementum
1122 2248 1167 2322 de
1180 2258 1305 2323 nostra
1317 2259 1442 2323 tamen
1455 2247 1514 2323 vel
1527 2273 1771 2323 successorum
1783 2248 2151 2323 nostrorumlicentia

593 2377 742 2476 speciali
757 2375 876 2474 petita
892 2386 930 2450 et
946 2374 1096 2450 obtenta
1106 2374 1262 2448 alienare
1274 2373 1344 2448 hoc
1356 2399 1498 2472 semper
1510 2374 1656 2472 proviso
1669 2373 1767 2472 quod
1779 2384 1901 2448 totum
1917 2375 2038 2474 ipsum
2051 2385 2151 2449 tene-

594 2513 761 2578 mentum
769 2511 915 2576 maneat
924 2501 1106 2602 integrum
1115 2511 1153 2575 et
1163 2525 1237 2574 non
1248 2499 1407 2574 divisum
1418 2511 1455 2575 et
1463 2499 1618 2574 liberum
1627 2500 1673 2575 ab
1683 2501 1783 2574 omni
1792 2501 1862 2574 alio
1872 2527 1993 2576 annuo
2003 2501 2150 2576 redditu

593 2639 671 2704 tam
685 2628 840 2704 liberum
853 2653 964 2727 quam
977 2637 1033 2702 est
1045 2625 1153 2701 hodie
1167 2636 1206 2701 et
1218 2625 1316 2724 quod
1329 2651 1446 2724 neque
1459 2624 1646 2700 lohannes
1659 2625 1801 2700 Helena
1813 2636 1851 2700 et
1864 2651 1989 2700 eorum
2001 2625 2151 2701 heredes

594 2755 785 2854 prescripti
801 2755 853 2828 sic
870 2753 1016 2828 solvant
1033 2752 1138 2827 nobis
1155 2763 1193 2826 et
1205 2751 1467 2826 successoribus
1483 2752 1617 2826 nostris
1634 2751 1793 2850 prefatas
1806 2776 1871 2825 sex
1883 2776 2022 2825 marcas
2034 2751 2151 2826 feudi-

594 2880 697 2956 firme
713 2880 939 2955 terminatim
951 2879 1051 2978 quod
1066 2879 1099 2954 si
1115 2878 1189 2952 duo
1205 2877 1353 2953 termini
1370 2887 1518 2952 currant
1534 2877 1573 2950 in
1589 2877 1741 2951 tertium
1757 2876 1954 2950 terminum
1971 2877 2151 2952 solutione

594 3032 669 3082 non
682 3006 780 3081 facta
804 3007 844 3080 in
869 3005 938 3080 hoc
963 3029 1049 3079 casu
1075 3014 1113 3079 et
1135 3005 1321 3103 premissis
1342 3004 1422 3078 aliis
1439 3003 1581 3078 casibus
1597 3013 1719 3077 totum
1735 3001 1876 3075 dictum
1898 3011 2151 3077 tenementum

596 3157 680 3206 cum
696 3129 930 3229 pertinenciis
946 3129 1058 3204 libere
1075 3127 1122 3203 ad
1138 3154 1204 3203 nos
1221 3138 1434 3228 nostrosque
1452 3153 1670 3203 successores
1695 3152 1776 3202 cum
1803 3125 1971 3200 omnibus
1996 3127 2152 3228 desuper

597 3257 774 3333 edificatis
791 3265 996 3331 revertetur
1019 3255 1316 3354 presentiumque
1340 3264 1467 3329 tenore
1492 3279 1676 3329 reversum
1702 3278 1778 3327 esse
1803 3263 1992 3327 censeatur
2017 3253 2152 3354 absque

592 3384 686 3482 juris
719 3383 966 3482 cuiuscunque
990 3380 1155 3455 ulteriori
1188 3405 1357 3478 processu
1409 3379 1458 3454 Et
1482 3404 1549 3454 nos
1573 3405 1659 3453 vero
1693 3377 1824 3477 prefati
1849 3377 1962 3452 frater
1986 3377 2152 3454 Andreas

596 3507 729 3584 Leiche
745 3508 844 3608 prior
860 3518 899 3581 et
922 3516 1123 3581 conventus
1143 3505 1215 3580 loci
1231 3505 1402 3580 Fratrum
1425 3503 1699 3578 Predicatorum
1724 3502 1770 3577 de
1794 3502 1861 3577 Air
1878 3513 1916 3578 et
1932 3529 2152 3580 successores

596 3634 714 3709 nostri
737 3643 860 3708 totum
889 3641 927 3706 et
951 3632 1137 3730 integrum
1162 3631 1344 3730 prefatum
1373 3640 1624 3705 tenementum
1659 3654 1742 3704 cum
1775 3630 2008 3728 pertinenciis
2041 3639 2152 3729 prout

593 3761 693 3859 jacet
709 3760 749 3832 in
765 3757 995 3858 longitndine
1016 3767 1055 3832 et
1070 3757 1265 3832 latitudine
1282 3756 1422 3855 prefato
1439 3755 1464 3830 J
1465 3755 1601 3831 ohanni
1626 3755 1725 3829 Blair
1750 3765 1788 3830 et
1814 3755 1953 3831 Helene
1980 3755 2154 3832 Oathcart

598 3885 675 3960 eius
692 3909 821 3983 sponse
838 3884 878 3957 in
896 3883 1089 3958 coniuncta
1104 3882 1351 3958 infeodatione
1367 3880 1630 3980 heredibusque
1647 3881 1722 3954 suis
1744 3882 1953 3981 prescriptis
1978 3881 2089 3957 libere
2115 3893 2153 3957 et

598 4011 720 4110 quiete
738 4010 778 4082 in
795 4007 963 4083 omnibus
980 4018 1018 4082 et
1034 4032 1099 4105 per
1116 4007 1238 4082 omnia
1260 4006 1378 4080 forma
1404 4007 1539 4104 pariter
1565 4015 1603 4080 et
1629 4005 1760 4081 affectu
1785 4017 1829 4082 ut
1855 4009 2071 4105 premissum
2097 4017 2154 4084 est

599 4145 726 4210 contra
768 4159 893 4209 omnes
935 4132 1105 4207 mortales
1142 4131 1450 4206 varantinabimus
1492 4131 1778 4229 acquietabimus
1812 4143 1851 4206 et
1884 4133 2153 4231 imperpetuum

600 4261 836 4342 defendemus
886 4259 931 4333 ln
948 4259 1052 4333 cuius
1072 4258 1125 4333 rei
1150 4257 1401 4332 testimonium
1426 4255 1588 4355 sigillum
1615 4283 1803 4332 commune
1829 4257 1920 4332 dicti
1941 4259 2059 4333 nostri
2083 4258 2156 4334 loci

600 4387 686 4461 huic
703 4387 863 4485 presenti
880 4395 978 4459 carte
994 4393 1117 4458 nostre
1134 4382 1303 4457 manibus
1320 4383 1453 4456 nostris
1470 4381 1684 4480 subscriptis
1710 4393 1766 4457 est
1792 4409 1991 4482 appensum
2042 4384 2155 4483 Apud

601 4511 742 4588 dictum
767 4521 932 4585 nostrum
957 4510 1078 4584 locum
1104 4508 1150 4583 de
1183 4507 1251 4582 Air
1284 4507 1443 4582 secundo
1478 4506 1537 4580 die
1571 4507 1706 4581 mensis
1735 4507 1836 4607 Junij
1874 4535 1970 4584 anno
2003 4511 2156 4586 Domini

600 4637 792 4712 millesimo
803 4635 1093 4734 quingentesimo
1106 4633 1407 4733 quinquagesimo
1421 4633 1575 4730 septimo
1587 4632 1717 4706 Coram
1728 4633 1799 4708 hiis
1808 4634 1964 4710 testibus
1978 4635 2156 4736 Magistro

600 4761 779 4837 Michaele
796 4761 956 4836 Wallace
975 4759 1001 4834 J
1001 4761 1137 4835 ohanni
1153 4759 1317 4834 Lokhart
1336 4759 1466 4833 balivis
1491 4757 1624 4855 prefati
1640 4757 1748 4858 burgi
1764 4759 1973 4836 Alexandro
1990 4762 2158 4840 Lokhart

601 4901 639 4965 et
657 4890 817 4964 Roberto
841 4887 1021 4985 Rankyne
1036 4886 1277 4987 burgensibus
1294 4885 1383 4959 dicti
1399 4883 1508 4981 burgi
1532 4909 1615 4956 cum
1632 4884 1784 4960 diversis
1801 4887 1893 4963 aliis.
1945 4888 2159 4988 Sequuntur

600 5015 883 5114 subscriptiones
897 5011 1085 5086 z-Frater
1108 5011 1293 5086 Johannes
1319 5009 1516 5084 Greirsoun
1541 5009 1774 5107 provincialis
1799 5037 1910 5088 manu
1937 5039 2003 5088 sua
2029 5014 2159 5091 Frater

601 5142 767 5216 Andreas
784 5137 917 5214 Leiche
942 5137 1041 5235 prior
1064 5161 1177 5209 manu
1203 5161 1268 5210 sua
1286 5135 1412 5208 Frater
1437 5132 1597 5208 loannes
1624 5134 1741 5209 Rollr’e
1767 5137 1936 5236 supprior
1960 5165 2074 5213 manu
2090 5163 2159 5216 sua

601 5265 728 5342 Frater
739 5265 900 5341 Joannea
912 5261 1222 5336 Marschellmanu
1235 5284 1301 5333 sua
1314 5257 1441 5332 Frater
1453 5257 1477 5331 J
1479 5258 1637 5334 ohannes
1650 5259 1813 5335 Fortoun
1825 5288 1938 5337 manu
1951 5289 2017 5344 sua
2030 5265 2159 5343 Frater

603 5391 742 5493 Symon
765 5388 946 5468 Cornwall
970 5413 1082 5464 manu
1105 5386 1252 5487 propria
1276 5383 1403 5460 Frater
1433 5383 1613 5460 Henricus
1641 5385 1774 5484 Smyth
1799 5411 1912 5462 manu
1936 5415 2004 5464 sue
2029 5389 2159 5469 Frater
