5138 6694
611 805 652 868 90
866 799 1085 866 CHARTERS
1107 800 1161 866 OF
1182 801 1267 865 THE
1288 801 1440 867 snmus
1460 799 1707 866 Passennus
1729 801 1782 866 OF
1803 801 1899 866 Am

610 989 837 1091 benignitate
862 990 1096 1090 dignaremur
1112 988 1189 1064 Nos
1205 999 1329 1064 autem
1346 989 1393 1064 ad
1409 998 1594 1064 tantorum
1621 997 1829 1064 sanctornm
1845 989 1976 1064 merita
1993 998 2031 1063 et
2048 1009 2157 1062 vene-

611 1117 791 1192 racionem
813 1115 980 1192 debitum
1003 1125 1208 1215 respectum
1230 1115 1404 1190 habentes
1420 1114 1628 1190 huiusmodi
1644 1113 1973 1214 supplicacionibus
1989 1111 2157 1188 inclinati

611 1243 798 1319 devotioni
821 1252 940 1318 vestre
960 1251 1003 1318 ut
1032 1242 1203 1342 quociens
1236 1242 1334 1317 dicte
1357 1241 1578 1317 festivitates
1608 1240 1824 1317 Sanctorum
1849 1239 2033 1316 Dominici
2057 1236 2158 1314 Petri

612 1369 773 1444 Martiris
797 1367 935 1444 Thome
960 1367 1006 1443 de
1031 1367 1178 1468 Aquino
1204 1377 1242 1442 et
1266 1367 1452 1465 Vincencij
1482 1393 1524 1442 ac
1550 1366 1681 1442 Sancte
1706 1365 1898 1442 catherine
1924 1365 2094 1440 Senensis
2119 1371 2158 1439 et

613 1520 736 1571 earum
753 1504 881 1570 octave
897 1492 1222 1594 quomodocunque
1238 1504 1276 1568 et
1291 1519 1358 1592 per
1373 1492 1650 1568 translacionem
1672 1491 1885 1567 celebrande
1901 1499 2093 1566 occurrunt
2117 1488 2158 1565 in

611 1631 773 1720 tempore
799 1645 871 1720 quo
888 1620 1054 1695 civitates
1074 1619 1209 1718 oppida
1234 1629 1272 1694 et
1295 1619 1374 1693 loca
1400 1617 1638 1693 ecclesiastico
1671 1617 1867 1692 interdicto
1892 1627 1930 1692 et
1960 1615 2158 1716 apostolica

612 1746 827 1821 auctoritate
844 1755 932 1820 sunt
949 1744 1137 1843 supposita
1152 1745 1192 1818 in
1209 1743 1367 1819 ecclesiis
1384 1744 1574 1819 domorum
1592 1752 1791 1818 vestrarum
1809 1753 1847 1818 et
1858 1741 2157 1818 monasteriorum

613 1898 766 1972 quorum
783 1897 868 1947 cura
883 1881 1004 1945 vestro
1022 1869 1140 1946 ordini
1156 1880 1211 1944 est
1228 1871 1420 1944 commissa
1436 1870 1507 1944 nisi
1524 1869 1671 1945 ecclesie
1687 1869 1765 1968 ipse
1780 1869 1841 1943 vel
1856 1895 1923 1944 vos
1940 1867 2158 1943 nominatim

611 1997 798 2074 interdicti
815 1997 895 2072 sitis
912 1996 971 2072 vel
989 2021 1134 2072 causam
1159 1995 1330 2070 dederitis
1363 1994 1558 2070 interdicto
1583 1995 1643 2070 vel
1668 2020 1814 2070 causam
1830 1993 1984 2069 foveatis
2009 1993 2158 2093 possitis

612 2123 767 2223 pulsatis
793 2123 977 2222 campanis
1002 2123 1137 2221 apertis
1158 2120 1281 2220 januis
1298 2119 1501 2195 interdictis
1518 2131 1556 2196 et
1574 2120 1894 2196 excommunicatis
1911 2119 2067 2194 exclusis
2084 2119 2159 2194 alta

612 2275 702 2324 voce
718 2249 847 2324 musas
864 2259 902 2323 et
918 2249 989 2323 alia
1014 2247 1140 2322 divina
1166 2246 1284 2321 officia
1304 2246 1435 2320 diurna
1452 2257 1489 2321 et
1511 2257 1689 2322 nocturna
1704 2247 1744 2320 in
1761 2243 1889 2321 diebus
1914 2245 2158 2321 festivitatum

613 2375 809 2450 earundem
825 2383 863 2449 et
880 2374 1018 2448 octavis
1031 2399 1154 2448 earum
1166 2371 1365 2470 respective
1378 2370 1595 2446 durantibus
1612 2381 1651 2446 et
1666 2371 1698 2446 si
1713 2396 1778 2470 per
1795 2381 1941 2447 octavas
1958 2372 2055 2471 ipsas
2068 2381 2106 2446 et
2119 2371 2158 2445 in

613 2503 673 2578 die
686 2513 896 2578 octavarum
908 2524 983 2572 non
999 2498 1070 2572 nisi
1087 2499 1259 2572 memoria
1272 2497 1317 2572 de
1331 2495 1473 2572 Sanctis
1485 2497 1574 2597 ipsis
1586 2497 1689 2572 fieret
1700 2497 1812 2573 libere
1823 2508 1861 2572 et
1870 2497 1969 2572 licite
1981 2496 2158 2572 celebrare

612 2629 828 2706 auctoritate
848 2624 1046 2725 apostolica
1062 2623 1294 2699 concedimus
1310 2649 1375 2722 per
1390 2634 1574 2722 presentes
1592 2649 1634 2698 ac
1650 2623 1819 2698 volumus
1835 2634 1879 2699 ut
1895 2623 2066 2723 quociens
2083 2622 2158 2698 dic·

611 2765 732 2830 tarum
745 2752 989 2828 festivitatum
1002 2759 1041 2824 et
1053 2760 1263 2825 octavarum
1275 2748 1472 2824 earundem
1489 2749 1748 2825 celebraciones
1764 2749 1927 2850 qualibet
1944 2776 1988 2825 ex
2002 2776 2109 2825 causa
2121 2759 2159 2826 et

612 2891 714 2957 extra
730 2891 874 2977 tempus
886 2875 1074 2952 interdicti
1085 2874 1348 2950 transferentur
1360 2886 1397 2950 et
1410 2875 1638 2975 indulgencie
1653 2875 1769 2950 dictas
1786 2875 1952 2952 ecclesias
1964 2877 2003 2951 in
2019 2876 2159 2952 festivi·

610 3005 748 3083 tatibus
764 3003 972 3080 huiusmodi
989 3013 1027 3078 et
1042 3027 1107 3102 per
1123 3027 1247 3076 aarum
1263 3011 1410 3076 octavas
1426 3001 1663 3076 visitantibus
1678 3026 1744 3101 pro
1758 3012 1921 3102 tempore
1933 3028 2098 3079 concesse
2111 3003 2159 3082 ad

611 3147 757 3234 tempus
782 3128 1034 3209 celebracionis
1059 3126 1270 3202 huiusmodi
1295 3127 1370 3202 sint
1395 3137 1433 3202 et
1458 3137 1674 3203 censeantur
1701 3129 1879 3204 translate
1908 3129 2077 3230 quodque
2111 3129 2159 3208 ad

612 3263 780 3340 effectum
796 3259 1054 3359 premissorum
1070 3254 1208 3328 nullam
1226 3254 1272 3328 de
1289 3253 1443 3328 indultis
1461 3263 1498 3329 et
1514 3253 1717 3354 privilegijs
1729 3254 1902 3354 predictis
1916 3255 2027 3332 fidem
2043 3257 2159 3333 faeere

611 3386 809 3464 teneamini
826 3384 891 3460 sed
906 3391 1092 3482 presentes
1109 3379 1168 3454 vel
1185 3405 1309 3454 earum
1328 3390 1563 3478 transumpta
1586 3380 1720 3479 quibus
1736 3406 1847 3455 manu
1864 3383 1994 3482 notarij
2022 3384 2159 3484 publici

611 3513 824 3612 subscriptis
841 3520 879 3584 et
890 3507 1010 3608 sigillo
1027 3505 1178 3580 alicuius
1190 3505 1229 3580 in
1248 3505 1427 3606 dignitate
1445 3505 1686 3581 ecclesiastica
1702 3508 1893 3584 constituti
1909 3510 2062 3586 munitis
2078 3535 2158 3586 eam

610 3663 755 3740 prorsus
779 3636 890 3712 fidem
915 3659 985 3734 que
1010 3633 1099 3732 ipsis
1128 3630 1355 3732 presentibus
1380 3631 1613 3707 adhiberetur
1638 3633 1864 3708 decernimus
1890 3645 1928 3710 et
1953 3636 2159 3714 adhibenda

610 3764 746 3864 ubique
758 3761 913 3836 sufficiat
925 3784 999 3834 non
1012 3757 1242 3834 obstantibus
1255 3758 1580 3834 constitucionibus
1593 3769 1631 3834 et
1648 3759 1940 3835 ordinacionibus
1953 3761 2159 3860 apostolicis

612 3915 654 3966 ac
683 3891 724 3964 in
748 3885 1030 3987 provincialibus
1064 3894 1102 3960 et
1125 3883 1350 3960 sinodalibus
1384 3885 1545 3984 concilijs
1579 3887 1730 3961 statutis
1761 3897 1799 3961 et
1833 3887 2157 3964 consuetudinibus

609 4015 817 4114 juramento
835 4009 1107 4086 confirmacione
1124 4009 1322 4109 apostolica
1337 4011 1398 4086 vel
1410 4013 1540 4110 quavis
1557 4012 1631 4087 alia
1646 4011 1819 4087 firmitate
1834 4012 2010 4088 roboratis
2027 4014 2159 4113 quibus

613 4139 782 4216 omnibus
811 4137 884 4212 illis
911 4135 1000 4209 alias
1029 4133 1069 4208 in
1093 4159 1159 4209 suo
1187 4133 1314 4209 robore
1339 4137 1584 4234 permansuris
1612 4162 1658 4211 ex
1685 4147 1782 4212 certa
1812 4138 1965 4213 sciencia
1994 4165 2159 4240 expresse

612 4265 828 4366 derogamus
846 4261 1044 4359 ceterisque
1061 4259 1252 4358 contrarijs
1268 4260 1545 4362 quibuscunque
1563 4261 1701 4336 Datum
1727 4261 1842 4336 Rome
1867 4264 1964 4363 apud
1982 4265 2159 4344 Sanctum

614 4391 764 4467 Petrum
790 4387 858 4463 sub
875 4387 1011 4463 annulo
1037 4385 1224 4485 piscatoris
1241 4385 1302 4461 die
1318 4387 1408 4486 xxiij
1428 4386 1452 4460 J
1454 4387 1516 4486 ulij
1537 4387 1579 4461 M
1611 4387 1663 4462 D⁰
1679 4387 1768 4487 xviij
1789 4388 2025 4487 pontificatus
2041 4393 2160 4468 nostri

612 4540 707 4592 anno
724 4512 852 4590 sexto.¹
1669 4512 1945 4590 Evauennrs'ra,
1976 4515 2055 4592 QS.

689 4640 769 4716 Hec
794 4647 850 4713 est
873 4663 958 4712 vera
983 4635 1087 4735 copia
1119 4635 1329 4736 principalis
1361 4637 1465 4712 litere
1491 4638 1709 4712 sanctissimi
1742 4639 1782 4712 in
1811 4639 1956 4716 Christo
1981 4643 2095 4741 patris
2120 4655 2158 4722 et

763 4763 903 4839 domini
918 4763 1033 4836 nostri
1050 4760 1189 4836 domini
1202 4761 1334 4836 Leonis
1349 4761 1476 4836 divina
1492 4762 1725 4862 providencia
1739 4788 1833 4864 pape
1846 4764 1977 4842 decimi
1994 4795 2077 4844 cum
2094 4795 2160 4848 suo

764 4887 930 4989 originali
945 4887 985 4961 in
1005 4887 1171 4962 omnibus
1189 4887 1263 4962 suis
1279 4888 1427 4986 punctis
1444 4898 1481 4962 st
1506 4887 1668 4963 articulis
1686 4891 1907 4967 concordans
1924 4894 1969 4969 de
1985 4896 2095 4972 verbo
2120 4895 2159 4973 in

763 5012 916 5092 verbum
927 5011 1084 5086 fideliter
1096 5012 1238 5111 coplata
1255 5022 1293 5088 et
1310 5013 1544 5088 collationata
1558 5039 1625 5113 per
1640 5039 1699 5091 me
1715 5015 1964 5094 Alexandrum
1982 5021 2161 5101 Makneill

763 5138 948 5215 notarium
964 5135 1152 5235 publicum
1170 5135 1237 5211 sub
1255 5139 1345 5211 meis
1362 5137 1466 5238 signo
1483 5148 1521 5213 et
1537 5138 1802 5240 subscripsione
1818 5146 2057 5227 manualibus.

1138 5290 1377 5366 maman
1393 5291 1578 5366 Murram
1594 5294 1757 5370 notarius
1773 5295 1940 5394 publicus

990 5413 1037 5490 ad
1053 5413 1227 5515 premissa
1243 5414 1439 5514 requisitus
1456 5425 1550 5492 teste
1567 5442 1678 5494 manu
1698 5421 1842 5519 propria
1858 5422 2081 5524 subscripsit.

809 5583 819 5617 ¹
841 5583 877 5639 In
890 5581 947 5639 this
960 5581 1016 5639 and
1028 5581 1076 5638 the
1089 5581 1236 5656 preceding
1249 5580 1396 5638 document
1408 5581 1457 5638 tha
1469 5599 1606 5657 granum
1619 5583 1643 5641 is
1655 5583 1814 5659 frequently
1827 5587 1966 5647 incorrsct
