5142 6684
615 824 654 884 16
871 818 1093 882 canamus
1115 817 1169 882 OF
1191 819 1277 882 THE
1298 817 1451 882 FRIARS
1473 816 1720 881 Passennus
1742 816 1795 880 OF
1816 813 1913 878 Ara

613 1007 710 1082 heirs
735 1007 809 1082 and
834 1009 1015 1107 assignees
1040 1005 1098 1080 101
1123 1031 1208 1081 0101
1220 1033 1230 1094 ;
1256 1032 1296 1080 so
1321 1005 1404 1080 that
1428 1004 1572 1080 neither
1587 1030 1644 1080 we
1666 1029 1734 1078 nor
1757 1027 1824 1077 our
1847 1001 1956 1091 heire,
1974 1025 2042 1107 nor
2066 998 2171 1074 other

613 1133 654 1206 in
680 1157 747 1206 our
770 1157 890 1222 name,
908 1131 1002 1206 shall
1026 1131 1090 1230 lay
1115 1158 1190 1230 any
1214 1131 1322 1207 claim
1346 1141 1386 1206 to
1411 1130 1475 1205 the
1500 1128 1656 1204 foresaid
1681 1128 1794 1203 house
1819 1128 1893 1202 and
1916 1125 2035 1218 landa,
2052 1124 2171 1200 under

613 1257 767 1356 penalty
783 1258 825 1332 01
839 1265 930 1348 400,
949 1257 1047 1332 10110
1064 1256 1150 1356 paid
1167 1267 1208 1331 to
1225 1255 1290 1330 the
1306 1254 1422 1330 fabric
1438 1255 1480 1330 of
1492 1255 1556 1329 the
1573 1255 1708 1330 chureh
1725 1253 1767 1328 of
1780 1253 1960 1354 Glasgovv,
1975 1251 2051 1326 and
2067 1249 2172 1325 other

617 1389 693 1456 400.
711 1391 751 1457 10
768 1382 832 1456 the
850 1383 930 1457 said
946 1382 1052 1456 111010
1074 1383 1115 1456 10
1141 1406 1249 1456 neme
1275 1381 1316 1455 01
1339 1381 1521 1480 damages,
1539 1379 1659 1456 before
1686 1405 1753 1454 our
1779 1379 1854 1454 suit
1880 1376 1973 1452 shall
1989 1376 2036 1450 be
2051 1375 2171 1450 deter-

614 1506 740 1582 mined
756 1533 797 1582 or
812 1507 926 1584 heard
942 1511 982 1582 in
1005 1533 1079 1607 any
1097 1506 1211 1582 Oourt
1235 1506 1421 1582 canonical
1446 1531 1487 1580 or
1508 1505 1604 1597 civil,
1623 1505 1696 1580 and
1721 1505 1947 1603 renouncing
1970 1501 2107 1600 herehy
2123 1500 2174 1576 all

615 1633 700 1733 help
717 1633 811 1708 from
828 1659 944 1707 00000
960 1660 1001 1707 01
1018 1633 1105 1708 civil
1121 1632 1192 1706 law
1204 1659 1214 1720 ;
1241 1630 1315 1706 and
1339 1657 1394 1706 vve
1410 1630 1475 1705 the
1492 1631 1572 1704 said
1599 1631 1759 1706 Andrevv
1785 1630 1859 1705 and
1886 1631 2080 1729 Margaret,
2099 1627 2174 1702 and

616 1785 683 1834 our
694 1758 801 1852 heirs,
820 1759 913 1834 shall
924 1769 1084 1834 warrant
1101 1758 1175 1832 and
1190 1757 1324 1833 defend
1340 1758 1405 1832 the
1422 1758 1501 1832 said
1518 1758 1631 1832 house
1648 1757 1722 1832 and
1738 1757 1843 1832 lands
1858 1755 1916 1832 101
1931 1780 2016 1832 0101
2028 1755 2174 1855 against

614 1885 664 1958 all
681 1909 775 1958 men.
822 1884 868 1958 In
885 1884 1033 1958 witness
1049 1883 1216 1974 whereof‚
1235 1909 1300 1981 my
1316 1884 1390 1958 seal
1407 1885 1439 1958 is
1456 1883 1657 1982 appended,
1676 1885 1844 1983 together
1859 1883 1950 1958 with
1966 1883 2031 1958 the
2048 1881 2123 1955 scal
2135 1879 2177 1954 01

613 2011 678 2084 the
696 2009 924 2108 community
937 2009 979 2083 01
987 2009 1068 2108 Ayr
1079 2009 1136 2084 for
1151 2008 1212 2084 the
1226 2009 1311 2084 sake
1324 2009 1366 2083 01
1378 2019 1520 2109 greater
1531 2008 1714 2101 evidence,
1732 2009 1835 2082 these
1848 2009 1958 2107 being
1974 2007 2172 2093 witnesses,

613 2136 752 2211 Robert
776 2135 888 2225 Smal,
915 2135 1006 2209 then
1033 2135 1220 2210 alderman
1245 2135 1287 2210 01
1313 2135 1401 2235 Ayr,
1428 2135 1588 2210 Andrew
1613 2135 1654 2209 ol
1675 2133 1852 2210 Orauford
1877 2133 1950 2208 and
1977 2131 2109 2230 Atkyn
2133 2130 2176 2204 of

614 2262 713 2350 Barr,
729 2261 821 2336 then
836 2260 964 2335 bailies
981 2260 1023 2334 01
1046 2260 1110 2335 the
1134 2261 1213 2334 said
1236 2260 1366 2360 burgh,
1386 2260 1551 2335 William
1575 2285 1642 2335 000
1668 2258 1709 2334 01
1731 2259 1879 2350 Μο1110,
1896 2259 2026 2359 Atlryn
2044 2257 2170 2346 Blake,

613 2386 736 2461 Adam
752 2385 916 2477 Β10100,
936 2386 1010 2459 and
1026 2411 1139 2484 many
1157 2385 1288 2461 others.

686 2728 741 2796 12.
775 2718 935 2795 0101101
952 2717 998 2816 by
1014 2717 1117 2794 Jota
1133 2719 1378 2817 Kyharaock
1395 2732 1429 2796 to
1447 2721 1504 2796 110
1521 2719 1658 2796 Fmbrs
1673 2720 1880 2798 Praestas
1896 2717 1942 2817 (ff
1949 2717 2045 2818 ΑΨ,
2064 2716 2110 2818 of

919 2843 1063 2919 0011010
1079 2843 1210 2920 Lauda
1226 2846 1307 2922 aad
1323 2844 1609 2946 Recta-[itta
1625 2846 1721 2946 May
1741 2843 1868 2946 1348.]

691 3047 883 3126 Universis
910 3046 1047 3122 Christi
1072 3048 1241 3123 fidelibus
1266 3049 1360 3124 hanc
1385 3059 1523 3123 cartam
1539 3048 1673 3122 visuris
1698 3047 1759 3122 vel
1784 3047 1964 3122 audituris
1985 3045 2173 3120 Johannes

615 3173 866 3276 Kylmernoch
882 3173 981 3248 filius
999 3174 1158 3249 01110100
1175 3175 1361 3274 quondam
1385 3175 1411 3250 J
1412 3175 1564 3248 ohannis
1582 3174 1627 3249 de
1646 3173 1894 3271 Kylmemock
1919 3171 2110 3271 burgensis
2127 3170 2174 3244 de

614 3303 689 3378 Are
708 3303 872 3377 Salutem
889 3300 929 3373 in
943 3299 1091 3374 domino
1108 3301 1368 3398 sempiternam
1417 3299 1573 3374 Noverit
1586 3299 1805 3372 universitas
1818 3308 1941 3372 vestra
1956 3323 2016 3370 me
2033 3297 2074 3370 in
2091 3321 2174 3371 mea

614 3429 798 3530 legittima
820 3435 1004 3525 potestate
1030 3435 1068 3499 et
1085 3425 1232 3525 urgenti
1248 3425 1461 3499 necessitate
1478 3424 1622 3498 dedisse
1639 3424 1854 3498 concessisse
1871 3433 1909 3497 et
1926 3421 1994 3496 hae
2010 3423 2174 3520 presenti

616 3567 717 3632 carta
740 3581 821 3629 mea
843 3579 909 3652 pro
926 3577 985 3626 me
1011 3561 1049 3625 et
1066 3551 1262 3626 heredibus
1287 3551 1377 3625 meis
1395 3561 1432 3624 et
1449 3549 1641 3650 assignatis
1658 3548 1926 3648 imperpetuum
1943 3546 2174 3622 confirmasse

616 3681 695 3756 Deo
713 3690 751 3754 et
770 3679 878 3754 beate
904 3677 1081 3750 Katerine
1106 3677 1243 3777 virgini
1269 3685 1308 3750 et
1333 3676 1456 3750 domui
1473 3675 1627 3750 fratrum
1653 3673 1926 3748 Predicatorum
1942 3673 1988 3747 de
2005 3671 2080 3746 Are
2106 3697 2174 3772 pro

617 3807 735 3882 salute
752 3805 872 3878 anime
888 3825 968 3875 mee
986 3810 1024 3875 et
1041 3801 1247 3875 animarum
1272 3811 1465 3898 parentum
1482 3825 1645 3874 meorum
1663 3825 1704 3874 ac
1730 3799 1893 3873 omnium
1909 3797 2075 3872 fidelium
2092 3823 2173 3872 suc-

618 3953 799 4006 cessorum
813 3937 851 4001 et
864 3951 931 4025 pro
943 3925 1083 3999 lumine
1097 3922 1354 4023 cxspcndendo
1367 3925 1406 3996 in
1419 3947 1552 4022 magno
1566 3923 1673 3996 altari
1686 3932 1724 3996 et
1737 3925 1965 4021 reparacione
1983 3923 2174 3998 domorum

617 4055 781 4155 predicte
798 4060 922 4127 sancte
948 4049 1126 4126 Katerine
1146 4049 1301 4149 virginis
1318 4075 1384 4124 nec
1401 4074 1475 4123 000
1492 4060 1530 4122 01
1546 4075 1612 4146 pro
1630 4049 1895 4123 sustentatione
1912 4074 1992 4124 mea
2018 4049 2174 4122 durante

618 4182 698 4254 vita
714 4203 797 4254 mea
812 4178 852 4250 in
869 4175 998 4250 eodem
1014 4177 1094 4250 loco
1111 4201 1195 4249 cum
1211 4174 1409 4248 nominatis
1422 4173 1594 4248 fratribus
1608 4199 1691 4247 cum
1704 4173 1796 4246 mihi
1809 4173 1986 4271 placuerit
1999 4173 2174 4247 interesse

620 4331 744 4380 omncs
770 4313 885 4378 terras
902 4327 1002 4375 meas
1030 4311 1068 4375 01
1085 4299 1251 4374 redditus
1276 4324 1375 4372 meos
1401 4299 1575 4373 annuales
1600 4297 1823 4396 subscriptos
1848 4298 1939 4371 mihi
1956 4297 2174 4372 hereditarie

619 4431 843 4530 pertinentes
860 4452 945 4502 cum
962 4427 1108 4524 saysina
1125 4425 1212 4500 data
1228 4423 1516 4498 hereditabiliter
1540 4423 1733 4498 earundem
1750 4423 1845 4496 infra
1861 4423 2019 4523 burgum
2036 4424 2082 4498 de
2099 4423 2174 4498 Are

620 4569 659 4632 01
676 4557 716 4628 10
731 4552 913 4629 1011110110
930 4553 1093 4626 eiusdem
1109 4553 1187 4626 sive
1205 4561 1310 4625 extra
1325 4549 1494 4623 videlicet
1511 4549 1623 4622 annui
1635 4547 1800 4622 redditus
1813 4549 2004 4623 annuatim
2019 4549 2175 4648 pereipi-

621 4680 716 4757 endo
732 4689 806 4752 tres
823 4675 958 4751 solidos
975 4676 1021 4751 de
1044 4678 1151 4752 domo
1168 4675 1314 4774 lapidea
1338 4673 1532 4773 Reginaldi
1548 4673 1692 4748 Broune
1717 4675 1756 4746 in
1773 4674 1855 4748 vico
1872 4673 1985 4748 Maris
2011 4685 2048 4749 et
2074 4684 2173 4749 octo-

621 4806 741 4883 decim
766 4801 933 4876 denarios
951 4801 996 4878 de
1013 4803 1132 4876 fronte
1158 4813 1254 4876 10110
1279 4798 1462 4898 quondam
1489 4798 1657 4898 Hugonis
1682 4799 1831 4896 pistoris
1856 4801 1962 4874 iuxta
1986 4800 2021 4874 le
2047 4825 2175 4874 001001

621 4931 755 5008 buthcs
784 4928 825 5001 in
851 4927 933 5001 vico
963 4923 1008 4998 de
1035 4920 1139 4995 Done
1166 4929 1204 4993 et
1232 4928 1389 5015 quatuor
1415 4915 1549 4990 solidos
1575 4915 1621 4990 de
1648 4915 1755 4990 domo
1783 4917 1967 5015 quondam
1990 4917 2016 4992 ,J
2018 4917 2175 4992 ohannis

623 5059 653 5133 P
842 5052 883 5126 in
917 5050 1044 5125 eodem
1072 5045 1155 5120 vico
1185 5053 1223 5116 et
1252 5051 1393 5139 septem
1421 5041 1553 5115 sohdos
1584 5041 1629 5115 de
1654 5051 1752 5116 10110
1785 5041 1969 5142 quondam
1996 5042 2176 5118 Willelmi

622 5183 742 5259 Grene
764 5180 804 5253 in
821 5176 950 5252 eodem
965 5173 1047 5248 vico
1065 5177 1103 5243 et
1118 5178 1193 5242 tres
1217 5165 1351 5240 solidos
1369 5165 1414 5239 de
1434 5176 1532 5239 terra
1548 5165 1695 5240 Ricardi
1713 5167 1813 5240 Weir
1829 5167 1869 5240 in
1886 5167 2013 5242 eodem
2029 5169 2114 5244 vico
2137 5179 2176 5244 01

621 5321 697 5384 1100
723 5301 858 5380 sohdos
876 5301 921 5374 de
946 5308 1045 5373 terra
1068 5293 1205 5366 Thome
1223 5289 1342 5365 Grene
1367 5291 1406 5362 in
1430 5290 1511 5364 vieo
1532 5289 1699 5364 Nemoris
1725 5299 1763 5364 et
1787 5301 1944 5388 quatuor
1968 5291 2103 5366 solidos
2129 5293 2176 5367 de

621 5447 720 5509 terra
749 5439 788 5505 01
818 5427 926 5502 domo
955 5420 1100 5521 lapidea
1129 5415 1314 5517 quondam
1343 5413 1478 5488 Thome
1503 5414 1549 5488 de
1576 5414 1781 5516 Abirdalgy
1805 5417 1844 5490 in
1870 5417 1997 5492 eodem
2023 5417 2106 5494 vico
2138 5430 2176 5494 et
