5138 6694
598 825 640 888 et
861 820 1082 887 CHARTERS
1104 822 1157 886 OF
1177 821 1263 886 THE
1284 819 1436 886 FRIARS
1458 819 1706 885 PREACHERS
1729 819 1782 884 OF
1802 819 1898 882 AYR

598 1008 828 1085 ecclesiarum
841 1019 879 1084 et
891 1011 1055 1085 omnium
1067 1011 1220 1086 aliorum
1232 1009 1488 1084 beneficiorum
1501 1007 1820 1084 ecclesiasticorum
1832 1033 1902 1106 que
1912 1032 1979 1106 pro
1989 1017 2153 1108 tempore

597 1135 767 1211 obtinent
791 1161 933 1210 necnon
957 1136 1198 1211 inhabilitatis
1223 1135 1270 1210 ad
1293 1135 1356 1209 illa
1373 1145 1411 1210 et
1429 1135 1501 1209 alia
1527 1134 1752 1232 inposterum
1779 1133 1977 1210 obtinenda
2004 1160 2045 1210 eo
2071 1136 2152 1235 ipso

598 1287 664 1360 per
697 1261 997 1336 contrafacientes
1026 1261 1251 1338 incurrendis
1284 1260 1387 1360 penis
1417 1284 1463 1334 ne
1496 1258 1641 1334 eosdem
1674 1257 1802 1334 fratres
1836 1269 1963 1334 contra
1988 1259 2152 1359 ipsorum

598 1387 791 1487 privilegia
815 1387 1007 1462 molestare
1040 1397 1253 1486 presumant
1278 1397 1343 1460 aut
1367 1385 1529 1485 personis
1554 1384 1777 1484 quibuslibet
1809 1384 2059 1460 ecclesiasticis
2091 1387 2152 1461 vel

598 1513 818 1588 secularibus
843 1514 883 1586 in
907 1539 1038 1614 genere
1055 1514 1115 1588 vel
1140 1515 1179 1587 in
1205 1513 1323 1612 specis
1353 1512 1490 1586 directe
1507 1510 1566 1584 vel
1592 1510 1768 1585 indirecte
1797 1510 1935 1610 aliquid
1961 1511 2153 1586 inhibeant

597 1639 799 1737 precipiant
824 1648 889 1712 aut
913 1639 1001 1714 alias
1026 1638 1197 1713 ordinent
1212 1630 1272 1714 vel
1288 1648 1454 1714 statuant
1474 1637 1666 1736 quominus
1682 1635 1811 1711 fratres
1836 1635 1973 1711 ordinis
1997 1635 2152 1735 predicti

597 1773 636 1838 et
661 1764 806 1838 illorum
831 1764 961 1839 domus
979 1774 1017 1839 et
1033 1764 1249 1863 professores
1274 1763 1474 1863 privilegiis
1491 1773 1529 1838 et
1545 1763 1675 1863 graciis
1692 1762 1743 1836 eis
1761 1763 1937 1838 concessis
1961 1761 2073 1838 libere
2094 1763 2153 1838 uti

596 1889 739 1988 possint
781 1888 831 1963 Et
847 1890 1082 1988 postmodum
1098 1915 1164 1964 nos
1188 1890 1228 1966 in
1253 1890 1448 1965 novissimo
1467 1890 1701 1965 Lateranensi
1717 1889 1870 1964 concilio
1887 1886 2152 1964 decreverimus

597 2013 695 2114 quod
713 2025 860 2113 peccata
877 2040 942 2089 sua
966 2014 1139 2089 fratribus
1158 2015 1454 2090 Mendicantibus
1479 2014 1689 2090 huiusmodi
1712 2013 1929 2113 presentatis
1950 2014 2151 2090 secundum

598 2139 864 2216 clementinam
904 2141 1202 2216 constitutionem
1242 2141 1443 2240 predictam
1476 2151 1515 2215 ct
1548 2140 1715 2214 admissis
1748 2140 1807 2215 vel
1841 2139 1956 2215 eciam
1988 2141 2152 2215 indebite

597 2266 772 2342 recusetis
798 2265 951 2340 confessi
977 2266 1233 2341 constitucioni
1260 2291 1330 2365 quc
1357 2267 1488 2365 incipit
1514 2265 1642 2340 Omnis
1661 2266 1849 2364 utriusque
1874 2291 1982 2341 sexus
2005 2293 2078 2368 quo
2103 2267 2152 2344 ad

597 2391 859 2467 confessionem
884 2391 1067 2466 duntaxat
1092 2392 1308 2467 satisfecisse
1333 2402 1546 2467 censeantur
1567 2400 1605 2466 et
1624 2390 1891 2466 concessionem
1915 2391 2152 2490 impendendi

598 2528 824 2593 sacramenta
852 2517 1016 2617 predicta
1044 2517 1321 2592 limitaverimus
1347 2516 1388 2590 in
1413 2527 1586 2591 eventum
1619 2513 1790 2590 videlicet
1824 2515 1923 2615 quod
1956 2515 2151 2618 denegccio

596 2652 902 2717 sacramentorum
918 2641 1128 2718 huiusmodi
1152 2643 1231 2716 sine
1261 2641 1424 2742 legitima
1453 2667 1562 2716 cause
1590 2639 1693 2715 fieret
1723 2651 1761 2716 et
1789 2640 1835 2716 de
1861 2641 1925 2716 illa
1940 2643 2151 2720 testimonio

597 2769 800 2850 vicinorum
817 2794 880 2844 seu
897 2767 1031 2842 notarii
1047 2768 1185 2867 publici
1202 2768 1288 2842 inde
1304 2767 1421 2866 rogati
1438 2764 1512 2840 fide
1529 2775 1711 2841 constaret
1726 2791 1864 2841 necnon
1887 2792 1952 2865 per
1973 2769 2151 2866 quasdam

596 2903 739 2968 nostras
754 2893 795 2967 in
810 2892 927 2967 forma
942 2891 1063 2966 brevis
1081 2892 1206 2967 literas
1223 2892 1525 2968 declaraverimus
1552 2891 1742 2966 audientes
1768 2891 1898 2966 missas
1924 2893 1963 2967 in
1991 2895 2150 2972 ecclesiis

596 3018 750 3095 fratrum
788 3019 959 3094 ordinum
992 3018 1287 3095 Mendicancium
1321 3018 1513 3094 dominicis
1548 3028 1585 3093 et
1619 3017 1700 3092 aliis
1734 3017 1878 3093 festivis
1912 3019 2043 3096 diebus
2075 3047 2150 3098 non

597 3155 807 3244 contempto
848 3145 993 3244 proprio
1032 3144 1217 3222 sacerdote
1259 3143 1467 3218 satisfacere
1502 3153 1674 3240 precepto
1707 3143 1855 3218 ecclesie
1890 3144 1936 3220 de
1968 3146 2151 3224 audienda

597 3271 708 3344 missa
749 3295 815 3346 nee
858 3271 1017 3371 aliquam
1058 3271 1180 3346 labem
1220 3269 1362 3368 peccati
1395 3266 1558 3342 mortalis
1601 3292 1800 3366 poenamve
1841 3270 2022 3346 incurrere
2094 3272 2150 3348 Ac

596 3395 744 3471 demum
770 3395 949 3495 paraliae
974 3405 1118 3470 nostras
1148 3393 1262 3468 eciam
1288 3393 1327 3468 in
1352 3392 1467 3466 forma
1494 3391 1612 3466 brevis
1641 3391 1764 3468 literas
1789 3396 1911 3469 omnia
1940 3407 1978 3471 et
2007 3397 2151 3498 singula

595 3520 787 3620 privilegia
803 3520 911 3595 dictis
928 3520 1102 3595 fratribus
1119 3543 1288 3593 concessa
1304 3517 1414 3592 salvis
1431 3516 1540 3591 dictis
1564 3515 1872 3595 moderationibus
1897 3521 2151 3599 Lateranensis

595 3647 739 3722 concilii
762 3648 1081 3746 approbaverimus
1099 3658 1136 3722 et
1153 3645 1486 3721 confirmaverimus
1509 3671 1550 3718 ac
1567 3644 1631 3719 illa
1647 3669 1731 3719 cum
1755 3643 1866 3720 dictis
1890 3647 2148 3724 moderacioni-
2261 3663 2264 3670 '

595 3770 665 3846 bus
681 3772 796 3847 eciem
820 3783 924 3846 motu
949 3773 1096 3871 proprio
1124 3771 1419 3846 innovaverimus
1444 3780 1554 3868 prout
1579 3769 1619 3847 in
1644 3769 1799 3868 singulis
1825 3771 2151 3850 constitucionibus

596 3908 634 3972 et
651 3898 766 3972 literis
791 3897 963 3997 predictis
979 3899 1121 3997 plenius
1139 3897 1349 3972 continetur
1373 3897 1620 3972 Nihilominus
1636 3897 1732 3971 sicut
1757 3897 1962 3994 accepimus
1987 3897 2150 3999 plerique

596 4023 769 4098 ordinarii
794 4023 954 4098 locorum
978 4035 1017 4098 et
1041 4023 1307 4122 parrochelium
1336 4022 1567 4098 ecclesiarum
1593 4031 1749 4096 rectores
1772 4021 1811 4096 in
1838 4020 1992 4097 diversis
2020 4026 2151 4102 mundi

596 4149 760 4248 partibus
777 4149 920 4248 proprie
937 4149 1066 4223 salutis
1082 4148 1311 4222 immemores
1327 4145 1468 4246 Deique
1486 4157 1523 4222 et
1540 4145 1778 4222 ecclesiastice
1795 4172 1944 4222 censure
1961 4149 2091 4226 timore
2106 4177 2149 4228 ac

595 4274 791 4372 apostolice
816 4273 912 4348 sedis
935 4272 1367 4371 reverenciapostpositis
1393 4272 1579 4372 predicare
1596 4283 1633 4347 et
1649 4272 1828 4370 predicari
1852 4273 1970 4349 facere
1986 4301 2061 4350 non
2076 4277 2146 4352 for·

596 4398 739 4474 midant
752 4424 826 4474 non
838 4398 945 4474 licere
958 4424 1082 4473 eorum
1098 4397 1343 4496 parrochianis
1361 4408 1510 4497 peccata
1526 4424 1593 4472 sua
1604 4397 1775 4476 fratribus
1792 4398 1897 4474 iuxta
1913 4400 2050 4477 dictam
2063 4430 2147 4479 con·

596 4522 828 4597 stitucionem
846 4522 1109 4598 Clementinam
1134 4524 1353 4623 presentatis
1369 4525 1447 4599 sine
1465 4525 1627 4622 ipsorum
1643 4533 1825 4599 rectorum
1850 4527 1969 4625 petita
1983 4528 2086 4628 prius
2110 4542 2149 4606 et

596 4648 747 4722 obtenta
758 4647 909 4722 licencia
922 4647 1088 4722 confiteri
1098 4659 1136 4723 et
1148 4648 1253 4723 aliter
1265 4673 1308 4722 ee
1320 4649 1502 4724 confessos
1514 4649 1562 4723 ad
1578 4649 1642 4724 illa
1657 4674 1781 4724 rursus
1798 4650 1935 4727 eisdem
1950 4656 2149 4734 rectoribus

596 4772 802 4849 confitenda
835 4772 1014 4870 obligatos
1048 4773 1201 4849 existere
1234 4775 1334 4873 quod
1367 4775 1399 4849 si
1432 4799 1534 4850 secus
1567 4773 1634 4850 fiat
1667 4775 1719 4849 eis
1749 4788 1975 4854 sacramenta
2007 4781 2149 4879 prefata

595 4897 809 4974 eucharistie
826 4908 864 4974 et
881 4909 1041 4972 extreme
1057 4899 1240 4974 unctionis
1257 4900 1461 4974 ministrare
1477 4910 1646 4974 recusant
1671 4899 1878 5000 eisdemque
1903 4905 2148 5002 parrochianis

596 5050 643 5100 ne
676 5023 826 5124 prefatis
859 5021 1032 5096 fratribus
1067 5022 1309 5098 confiteantur
1341 5049 1434 5098 neve
1468 5023 1515 5097 ad
1549 5048 1674 5100 eorum
1712 5025 1877 5102 ecclesias
1911 5055 1977 5128 pro
2011 5031 2147 5109 divinis

596 5149 787 5226 audiendis
821 5147 949 5222 diebus
981 5146 1155 5248 predictis
1196 5146 1371 5221 accedant
1413 5146 1617 5245 specialiter
1650 5160 1688 5224 et
1721 5177 1887 5252 expresse
1923 5155 2147 5236 interdicunt

595 5277 724 5352 fratres
757 5299 844 5348 vero
870 5297 1024 5372 quorum
1053 5272 1132 5346 vite
1174 5270 1334 5346 subsidio
1367 5271 1530 5347 fidelium
1569 5274 1772 5352 elemosinis
1796 5303 1931 5378 magna
1964 5305 2010 5356 ex
2042 5295 2146 5384 parte

595 5399 798 5478 consulitur
813 5399 1024 5476 elemosinas
1040 5397 1248 5474 huiusmodi
1264 5407 1388 5498 petere
1409 5423 1485 5476 uon
1501 5401 1721 5502 permittunt
1745 5403 1822 5479 sinc
1848 5430 1972 5484 eorum
1996 5407 2147 5490 hcencia
