5138 6694
683 821 903 888 GHARTERS
926 823 979 888 OF
999 823 1085 887 THE
1106 823 1258 887 FRIARS
1280 823 1529 888 PREAOHERS
1552 824 1606 888 OF
1626 824 1723 890 AYR„
1934 833 1975 892 83

421 1147 480 1216 56.
505 1136 686 1216 Notaricl
714 1135 879 1238 Capyos
894 1135 1013 1235 Bn'cf
1030 1137 1075 1236 by
1091 1137 1197 1238 Popc
1222 1137 1295 1215 Leo
1315 1138 1379 1229 X„
1391 1139 1465 1236 sor
1488 1136 1685 1238 ccctifyiap
1703 1140 1761 1216 tbe
1786 1139 1974 1216 daaordcra

571 1275 782 1352 cmnmitted
816 1277 862 1376 by
894 1275 1124 1352 Obarcbmca
1153 1277 1301 1376 1911111
1331 1277 1389 1354 tlte
1416 1275 1639 1354 Mendicabat
1668 1273 1974 1379 Fetere-[tdtb

572 1413 821 1516 Juac1518.]

1046 1569 1124 1644 Luc
1150 1570 1257 1645 Para
1272 1568 1331 1646 X‘.

496 1773 688 1851 Universis
710 1783 748 1848 11
776 1773 931 1874 singulis
958 1771 1227 1848 venerabilibus
1253 1771 1426 1848 fratribus
1454 1774 1669 1871 patriarchis
1696 1775 1973 1876 archiepiscopis

421 1899 598 2000 episcopis
633 1911 672 1975 et
705 1899 849 1975 dilectis
881 1899 969 1974 fihis
1002 1899 1126 1974 electis
1159 1897 1352 1974 abbatibus
1385 1900 1578 1998 prepositis
1611 1925 1654 1976 ac
1686 1901 1972 2000 patriarcharum

421 2027 768 2126 archiepiscoporum
802 2035 840 2100 ct
877 2025 1126 2124 episcoporum
1160 2025 1199 2099 in
1239 2025 1489 2125 spiritualibus
1523 2027 1668 2102 vicariis
1700 2027 1856 2102 ubilibet
1889 2053 1971 2102 con·

419 2151 562 2228 stitutis
603 2151 759 2226 salutem
799 2161 837 2226 et
875 2150 1111 2251 apostolicam
1154 2149 1444 2226 benedictionem
1478 2151 1622 2250 Exponi
1661 2152 1767 2227 nobis
1809 2152 1973 2227 fecerunt

420 2277 546 2353 dilecti
569 2275 638 2352 filii
664 2277 842 2377 generalis
866 2275 1041 2376 magister
1068 2287 1106 2351 et
1132 2278 1269 2375 priores
1284 2277 1525 2377 provinciales
1549 2277 1685 2352 ordinis
1702 2277 1870 2354 Fratrum
1887 2277 1971 2353 Pre-

420 2404 623 2480 dicatorum
656 2403 869 2502 quodlicet
901 2403 990 2477 alias
1022 2401 1118 2478 fame
1151 2402 1338 2478 recolende
1370 2403 1557 2478 iohannes
1590 2403 1692 2504 Papa
1725 2405 1814 2504 xxij.
1844 2404 1971 2503 prede·

421 2555 538 2605 cessor
553 2539 676 2604 noster
699 2555 765 2629 per
789 2528 974 2628 quandam
999 2554 1103 2603 suam
1120 2529 1420 2604 constitutionem
1444 2554 1515 2627 que
1540 2529 1670 2632 incipit
1687 2528 1761 2604 Vas
1787 2530 1974 2605 electionis

420 2655 628 2755 opinionem
657 2680 842 2730 erroneam
871 2652 1055 2754 quondam
1083 2653 1263 2728 Johannis
1292 2653 1337 2729 de
1366 2653 1525 2729 Polliaco
1558 2655 1655 2729 inter
1684 2655 1756 2730 alia
1781 2655 1972 2731 sentientis

421 2783 519 2884 quod
544 2781 668 2858 fideles
693 2778 866 2855 fratribus
896 2778 1064 2854 ordinum
1088 2777 1382 2854 Mendicancium
1410 2779 1615 2879 generalem
1643 2779 1832 2855 licenciam
1862 2807 1884 2855 a
1912 2781 1972 2880 pie

419 2909 590 2985 memorie
608 2907 792 2983 Clemente
809 2905 911 3005 Papa
923 2931 957 2980 v.
970 2907 1084 2980 eciam
1100 2905 1348 3005 predecessore
1365 2916 1489 2981 nostro
1502 2907 1657 3005 parcius
1675 2907 1972 2982 constitutionem

420 3035 461 3110 111
490 3033 642 3111 concilio
669 3033 868 3107 Viennensi
898 3033 1035 3108 editam
1068 3059 1139 3132 que
1172 3032 1303 3131 incipit
1337 3031 1489 3107 Dudum
1523 3034 1765 3108 confessiones
1798 3032 1972 3108 audiendi

421 3185 624 3237 concessam
641 3156 857 3234 habentibus
873 3158 1028 3232 confessi
1052 3167 1265 3234 tenerentur
1280 3168 1430 3257 peccata
1445 3183 1512 3255 per
1528 3185 1589 3233 eos
1605 3159 1715 3234 dictis
1730 3159 1904 3234 fratribus
1921 3159 1972 3233 sic

421 3286 584 3364 confessa
599 3284 745 3385 proprio
771 3282 949 3358 sacerdoti
972 3283 1106 3358 iterum
1131 3283 1296 3358 confiteri
1321 3283 1549 3359 damnaverit
1570 3293 1608 3357 et
1627 3281 1759 3358 deinde
1784 3280 1973 3356 recolende

421 3412 592 3488 memorie
608 3410 795 3510 Eugenius
811 3409 875 3508 iiij
889 3435 931 3484 ac
944 3409 1115 3484 Nicolaus
1130 3435 1166 3486 v.
1187 3420 1225 3484 et
1243 3408 1369 3485 Sixtus
1387 3409 1501 3484 eciam
1518 3410 1582 3509 iiij.
1603 3409 1770 3484 similiter
1785 3409 1971 3508 predeces-

421 3564 518 3616 sores
542 3537 657 3613 nostri
681 3536 882 3635 predictsm
908 3545 946 3610 et
970 3535 1166 3611 nonnullas
1191 3535 1279 3611 alias
1304 3536 1467 3612 ciusdem
1491 3536 1670 3612 Johannis
1687 3536 1733 3611 dc
1758 3535 1917 3610 Polliaco
1934 3545 1972 3610 et

420 3667 574 3741 aliorum
606 3662 834 3763 quorundam
868 3662 1055 3761 opiniones
1089 3672 1127 3736 11
1156 3663 1374 3738 asserciones
1408 3663 1522 3738 eciam
1556 3662 1839 3738 condemnantes
1871 3685 1973 3735 man-

420 3790 589 3867 daverint
613 3799 739 3864 contra
763 3788 958 3863 earundem
983 3788 1196 3887 opinionum
1222 3798 1413 3864 assertores
1438 3789 1498 3863 vel
1514 3798 1558 3863 ut
1583 3799 1709 3864 contra
1733 3787 1910 3863 hereticos
1936 3795 1973 3863 et

422 3917 469 3992 de
492 3915 565 3991 fide
591 3915 769 3990 catholica
794 3923 980 4014 suspectos
1006 3913 1136 3988 debere
1152 3913 1299 4013 procedi
1315 3923 1354 3988 et
1369 3913 1468 3988 idem
1486 3913 1611 3990 Sixtus
1635 3914 1862 4013 predecessor
1887 3941 1970 3991 con·

422 4042 569 4120 cesserit
581 4041 680 4142 quod
697 4041 729 4114 si
745 4049 901 4114 rectores
917 4038 1195 4138 parrochialium
1212 4039 1442 4114 ecclesiarum
1458 4051 1682 4115 sacramenta
1703 4040 1917 4116 eucharistie
1935 4052 1973 4118 et

422 4179 583 4244 extreme
602 4165 786 4241 unctionis
803 4163 851 4264 ijs
868 4165 932 4264 qui
949 4165 1058 4239 dictis
1074 4164 1248 4240 fratribus
1265 4175 1386 4240 essent
1401 4165 1557 4240 confessi
1573 4165 1709 4263 absque
1725 4165 1796 4240 alia
1812 4167 1972 4242 raciona-

422 4294 488 4369 bili
513 4319 621 4369 causa
642 4291 825 4367 maliciose
850 4301 1025 4391 negarent
1053 4291 1114 4366 vel
1148 4289 1318 4366 exhibere
1352 4289 1540 4366 differrent
1568 4290 1698 4365 fratres
1723 4290 1879 4390 predicti
1907 4293 1972 4367 illa

422 4421 586 4520 personis
602 4444 756 4520 quarum
779 4416 1020 4492 confessiones
1045 4417 1273 4492 audivissent
1289 4443 1332 4491 ea
1348 4417 1560 4516 petentibus
1584 4417 1790 4492 ministrare
1806 4417 1970 4493 valerent
2039 4417 2042 4422 “

423 4557 461 4622 11
486 4545 585 4646 quod
609 4544 720 4644 ijdcm
737 4543 869 4618 fratres
893 4543 953 4617 vel
979 4543 1238 4643 consanguinei
1264 4568 1388 4618 eorum
1414 4543 1477 4642 qui
1503 4543 1678 4643 elegerint
1703 4543 1847 4642 sepeliri
1872 4545 1971 4644 apud

423 4671 590 4747 ecclesias
606 4669 760 4744 fratrum
783 4667 1074 4743 Mendicantium
1099 4669 1213 4742 eciam
1237 4679 1408 4768 pretextu
1434 4669 1679 4768 cuiuscunque
1699 4671 1970 4747 consuetudinis

422 4822 497 4872 non
513 4795 654 4895 possint
670 4793 837 4893 compelli
854 4793 992 4869 deferre
1018 4819 1165 4892 corpora
1190 4793 1444 4870 defunctorum
1469 4793 1517 4869 ad
1539 4793 1779 4894 parrochiales
1803 4797 1970 4874 ecclesias

423 4933 489 4998 aut
506 4922 578 4997 alia
599 4919 678 4996 loca
695 4931 834 4994 etcum
858 4919 932 4993 illis
956 4919 1017 4994 vel
1044 4920 1123 4994 sine
1149 4919 1222 4994 illis
1249 4918 1341 4995 inibi
1364 4919 1490 4995 divina
1513 4921 1692 4996 celebrare
1714 4922 1774 4996 vel
1800 4923 1970 4999 celebrari

421 5049 538 5124 facere
554 5057 639 5122 ante
655 5045 716 5121 vel
731 5056 816 5146 post
832 5045 1056 5144 sepulturam
1072 5044 1270 5121 eorundem
1286 5044 1583 5146 prohibueritque
1599 5047 1789 5122 ordinariis
1809 5047 1970 5125 locorum

421 5176 490 5250 sub
506 5173 693 5250 interdicti
714 5173 898 5271 ingressus
915 5171 1062 5246 ecclesie
1088 5182 1127 5246 ct
1151 5172 1396 5271 suspensionis
1421 5197 1444 5246 a
1459 5173 1635 5274 regimine
1653 5167 1971 5274 [et]administ1a·

421 5299 524 5376 cionc
549 5323 696 5374 suarum
721 5296 949 5372 ecclesiarum
967 5323 1009 5371 ac
1025 5297 1302 5396 parrochialium
1326 5297 1525 5373 rectoribus
1543 5309 1581 5373 et
1597 5299 1678 5373 aliis
1695 5299 1969 5402 quibuscunque

419 5425 488 5502 sub
502 5423 886 5502 excommunicacionis
902 5423 976 5498 late
993 5423 1175 5499 sentencie
1191 5435 1229 5499 et
1244 5425 1462 5524 privacionis
1478 5424 1674 5500 eorundem
1690 5425 1967 5523 parrochialium
