5138 6694
676 813 895 880 OHARTERS
917 812 972 876 OF
992 813 1078 876 THE
1099 811 1251 876 FRIARS
1272 811 1518 876 PREAOHERS
1540 809 1593 876 OF
1614 809 1711 874 Ara
1926 813 1966 874 89

419 1004 584 1105 pleasing
609 1015 649 1078 to
676 1003 759 1080 God
785 1003 825 1078 in
852 1003 948 1078 their
972 1003 1232 1102 praisewcrthy
1248 1002 1401 1084 labours,
1418 1001 1491 1082 and
1508 1002 1601 1076 have
1617 1009 1757 1102 greater
1782 1000 1967 1100 quietness

418 1141 459 1206 to
475 1130 585 1230 plead
601 1130 692 1205 with
710 1129 792 1205 God
808 1130 865 1204 for
881 1130 944 1204 the
960 1153 1133 1228 recoverp⁷
1150 1129 1222 1204 and
1239 1127 1420 1202 salvation
1437 1126 1478 1202 of
1499 1127 1562 1202 the
1588 1128 1718 1228 erring,
1737 1126 1812 1202 and
1835 1126 1967 1201 moved

419 1253 470 1354 by
492 1255 555 1330 the
572 1255 765 1330 entreaties
783 1254 825 1329 of
850 1254 913 1328 the
940 1252 1019 1328 said
1044 1264 1180 1328 master
1204 1251 1349 1353 general
1374 1252 1447 1327 and
1471 1252 1673 1352 provincial
1699 1253 1816 1353 priors
1843 1251 1884 1326 of
1903 1250 1967 1326 the

419 1379 539 1456 Friars
556 1379 759 1472 Preachers,
770 1405 862 1480 gave
880 1377 1175 1454 commandment
1187 1389 1231 1453 to
1248 1377 1298 1452 all
1323 1389 1363 1452 to
1381 1377 1494 1452 desist
1510 1377 1605 1452 from
1621 1377 1684 1451 the
1701 1377 1878 1453 aforesaid
1895 1377 1967 1452 dis·

419 1505 551 1597 orders,
571 1505 644 1580 and
670 1516 711 1579 to
738 1505 888 1580 observe
913 1502 1115 1602 inviolably
1131 1504 1195 1578 the
1211 1502 1404 1604 privileges
1426 1503 1468 1577 of
1489 1503 1554 1578 the
1578 1503 1657 1578 said
1673 1503 1788 1594 fiiors,
1807 1529 1847 1578 as
1864 1503 1966 1579 often

419 1657 459 1705 as
485 1631 576 1730 they
593 1631 724 1706 should
740 1630 786 1706 be
803 1628 970 1730 required
985 1629 1135 1719 thereto,
1153 1629 1191 1704 in
1217 1629 1280 1703 the
1305 1653 1411 1703 name
1437 1627 1478 1702 of
1496 1627 1559 1702 the
1579 1627 1693 1718 iriars,
1710 1654 1751 1703 or
1776 1628 1818 1703 of
1838 1653 1913 1727 any
1929 1627 1971 1703 of

418 1756 514 1832 their
529 1755 730 1856 provincial
747 1781 788 1830 or
803 1754 1022 1830 conventual
1038 1755 1164 1854 priors,
1182 1753 1299 1829 under
1314 1755 1401 1852 pain
1418 1754 1459 1828 of
1471 1753 1617 1854 highest
1634 1779 1792 1830 censure.
1846 1753 1965 1829 Given

419 1895 459 1956 at
475 1881 600 1974 Rome,
618 1882 735 1957 under
751 1881 814 1956 the
830 1880 1070 1956 Fisherman’s
1086 1880 1193 1980 Ring,
1216 1879 1307 1954 roth
1324 1878 1422 1954 June
1442 1884 1550 1957 1518.

420 2209 477 2286 57.
506 2204 686 2282 Notene
706 2205 808 2306 Oopy
824 2205 869 2306 <ff
876 2205 996 2305 Brn‘ef
1010 2205 1055 2306 by
1071 2205 1175 2306 Pcpe
1193 2205 1266 2280 Leo
1292 2205 1350 2282 tlte
1377 2204 1498 2297 Tenth,
1516 2202 1718 2280 addresscd
1733 2216 1768 2279 to
1794 2203 1850 2278 rte
1868 2205 1965 2282 Gen-

569 2332 649 2408 erat
660 2331 740 2407 ond
756 2330 892 2406 Friars
904 2331 951 2431 of
965 2332 1023 2407 tte
1037 2332 1160 2408 Ordcr
1176 2330 1220 2431 <ff
1228 2331 1443 2422 Prccclrcra
1457 2329 1660 2430 reperdinp
1678 2331 1735 2406 tte
1751 2330 1965 2407 obcernaccc

568 2458 614 2558 of
621 2457 763 2534 certain
779 2458 892 2534 Fcaat
908 2457 1017 2556 Dcys
1032 2456 1075 2532 ie
1089 2457 1213 2557 ptores
1229 2455 1350 2533 ander
1365 2453 1699 2557 interdicte-[tw
1715 2455 1809 2554 July
1829 2454 1957 2556 1518.]

1045 2657 1126 2733 Lro
1149 2658 1257 2733 Para
1281 2657 1339 2736 X'.

491 2809 647 2887 Dilectis
688 2811 774 2885 filiis
811 2811 984 2910 magistro
1026 2809 1187 2910 generali
1228 2820 1267 2884 et
1303 2809 1476 2884 fratribus
1510 2809 1649 2884 ordinis
1690 2809 1964 2886 Predicatorum

416 2937 571 3011 salutem
607 2947 645 3011 et
677 2935 913 3035 apostolicam
939 2936 1230 3011 benedictionem
1264 2935 1444 3034 Exposuit
1476 2935 1581 3010 nobis
1614 2935 1829 3011 venerabilis
1853 2936 1966 3013 frater

415 3073 540 3138 noster
566 3061 739 3136 Nicolaus
773 3063 963 3162 episcopus
997 3061 1214 3137 Albanensis
1249 3060 1380 3136 Sancte
1407 3060 1569 3136 Romane
1599 3061 1745 3136 ecclesie
1771 3061 1964 3137 cardinalis
2001 3124 2005 3132 .

415 3189 530 3264 vestri
572 3187 709 3262 ordinis
750 3199 934 3287 protector
970 3187 1070 3289 quod
1105 3187 1192 3262 licet
1229 3187 1326 3261 inter
1362 3185 1554 3286 privilegia
1595 3184 1785 3264 Fratribus
1827 3188 1964 3264 ordinis

319 3359 324 3368 -
417 3312 602 3386 Minorum
628 3311 674 3387 ab
702 3313 900 3411 apostolica
927 3314 1010 3388 sede
1039 3338 1206 3388 concessa
1229 3311 1298 3386 hoc
1324 3337 1440 3386 unum
1467 3337 1543 3386 esse
1563 3311 1708 3388 dicatur
1728 3324 1773 3388 ut
1793 3315 1964 3415 quociens

417 3437 542 3512 Sancti
572 3437 752 3512 Francisci
780 3449 817 3514 et
842 3439 967 3514 Sancti
996 3439 1148 3538 Antonij
1178 3439 1224 3514 de
1249 3438 1376 3513 Padua
1402 3463 1543 3512 necnon
1573 3437 1697 3513 Sancti
1722 3439 1900 3516 Ludovici
1927 3452 1965 3517 et

417 3561 542 3638 Sancti
566 3563 821 3639 Beneventure
844 3591 886 3640 ac
908 3551 1041 3640 Sancte
1064 3565 1168 3640 Clare
1185 3564 1404 3638 festivitates
1427 3575 1605 3639 eteorum
1627 3575 1753 3640 cctave
1770 3579 1965 3644 occurrunt

415 3697 577 3788 tempore
594 3714 667 3789 quo
684 3691 851 3766 civitates
871 3690 1007 3792 oppida
1024 3701 1062 3766 et
1079 3691 1158 3766 loca
1180 3690 1369 3790 inquibus
1393 3689 1603 3764 huiusmodi
1627 3690 1721 3765 festa
1737 3691 1964 3768 celebrantur

415 3815 656 3890 ecclesiastico
672 3815 867 3891 interdicto
886 3828 924 3892 et
940 3817 1140 3917 apostolica
1157 3817 1373 3891 auctoritate
1390 3817 1578 3915 supposita
1594 3827 1682 3890 sunt
1698 3817 1806 3892 dictis
1823 3818 1961 3895 festivi·

415 3940 554 4016 tatibus
571 3951 609 4015 et
635 3966 760 4015 earum
781 3941 919 4016 octavis
939 3942 1138 4041 respective
1156 3940 1373 4016 durantibus
1396 3941 1635 4015 interdictum
1659 3942 1868 4018 huiusmodi
1884 3972 1961 4022 sus-

414 4067 571 4165 pendere
596 4075 634 4140 et
659 4067 699 4140 in
725 4067 884 4166 ecclesijs
909 4068 1099 4142 domorum
1124 4091 1272 4142 suarum
1297 4066 1451 4165 pulsatis
1477 4067 1661 4165 campanis
1683 4069 1818 4168 apertis
1838 4067 1962 4169 januis

414 4191 631 4266 nominatim
657 4191 861 4266 interdictis
893 4203 929 4267 et
963 4192 1286 4268 excommunicatis
1319 4191 1473 4266 exclusis
1506 4193 1634 4266 missas
1659 4204 1698 4268 et
1731 4194 1803 4268 alia
1836 4195 1962 4272 divina

414 4315 532 4391 officia
548 4317 625 4390 alta
641 4342 730 4391 voce
748 4317 920 4392 celebrari
944 4319 1087 4418 possint
1105 4329 1142 4393 et
1158 4319 1280 4393 omnia
1299 4315 1489 4416 privilegia
1506 4316 1624 4391 eidem
1640 4317 1759 4392 ordini
1776 4319 1961 4398 Minorum

414 4451 452 4516 et
469 4441 546 4516 eius
562 4441 822 4540 professoribus
843 4470 1012 4519 concessa
1029 4471 1074 4519 ex
1092 4443 1253 4519 eiusdem
1275 4441 1370 4517 sedis
1387 4441 1616 4541 benignitate
1632 4443 1706 4518 sint
1723 4444 1822 4520 dicto
1839 4459 1962 4524 vestro

413 4567 533 4641 ordini
553 4577 591 4641 et
608 4567 712 4642 vobis
729 4570 995 4645 communicata
1011 4595 1148 4668 vosque
1165 4578 1241 4643 tam
1262 4569 1407 4642 illorum
1424 4593 1533 4666 quam
1552 4567 1675 4643 forsan
1691 4571 1888 4670 spiritualis
1904 4575 1960 4650 in·

414 4690 510 4764 dulti
524 4691 626 4766 vobis
638 4692 793 4792 desuper
804 4696 965 4770 concessi
977 4696 1082 4796 vigor
1098 4704 1162 4769 aut
1175 4695 1263 4768 elias
1276 4695 1315 4768 in
1327 4692 1508 4792 aliquibus
1521 4694 1685 4792 partibus
1697 4697 1737 4770 in
1754 4710 1960 4776 sanctorum

414 4814 599 4890 Dominici
616 4817 715 4892 Petri
733 4819 894 4894 Martiris
911 4821 1049 4896 Thome
1066 4821 1112 4895 de
1131 4819 1279 4920 Aquino
1297 4829 1334 4894 et
1350 4817 1541 4892 Vincencii
1557 4844 1600 4893 ac
1618 4819 1750 4895 Sancte
1768 4821 1961 4901 catherine

414 4941 460 5016 de
486 4940 590 5016 Senis
613 4944 877 5020 festivitatibus
898 4957 936 5021 et
958 4973 1082 5022 earum
1107 4946 1245 5022 octavis
1270 4945 1469 5044 respective
1494 4944 1711 5021 durantibus
1736 4947 1776 5021 in
1802 4949 1960 5026 ecclesiis

414 5065 604 5141 domomm
621 5078 825 5144 vestrarum
841 5071 1008 5147 similiter
1024 5071 1140 5146 facere
1154 5069 1391 5146 consuevistis
1408 5079 1532 5144 tamen
1545 5069 1632 5170 quia
1647 5097 1755 5171 super
1770 5073 1839 5148 hoc
1854 5075 1960 5151 vobis

414 5217 457 5266 eo
483 5193 581 5290 quod
607 5193 653 5268 de
679 5193 862 5270 dictorum
886 5197 1058 5272 Fratrum
1084 5197 1271 5272 Minorum
1296 5223 1338 5271 ac
1364 5195 1580 5296 specialibus
1604 5199 1735 5272 vestris
1760 5199 1961 5300 privilegiis

413 5317 579 5418 legitima
594 5319 729 5419 ubique
746 5319 857 5395 fidem
875 5322 952 5396 sine
970 5349 1103 5424 magna
1128 5323 1293 5421 impensa
1308 5322 1424 5396 facere
1441 5345 1516 5395 non
1540 5322 1694 5420 potestis
1717 5321 1762 5396 ab
1778 5321 1961 5423 aliquibus

413 5454 537 5540 posset
561 5445 728 5519 molestia
743 5445 803 5520 vel
828 5445 1131 5544 impedimentum
1156 5448 1276 5522 afferri
1293 5447 1412 5521 dictus
1433 5445 1621 5545 episcopus
1645 5446 1750 5521 nobis
1775 5447 1963 5524 humiliter

413 5569 635 5667 supplicavit
660 5580 704 5645 ut
728 5569 832 5645 vobis
858 5597 966 5672 super
987 5573 1056 5648 hcc
1081 5573 1128 5648 de
1153 5583 1356 5672 opportuno
1381 5570 1540 5646 remedio
1565 5571 1753 5670 providere
1780 5597 1826 5646 ex
1849 5573 1961 5650 simili

1167 5721 1193 5772 rr
