5138 6694
627 905 688 966 118
888 899 1107 966 CHARTERS
1128 897 1182 962 OF
1203 897 1288 960 THE
1309 897 1461 962 FRIARS
1478 895 1725 962 PREAOHERS
1747 895 1800 961 OF
1821 894 1915 959 AYR

1231 1182 1328 1285 [vol.
1348 1184 1397 1262 ΙΙ.
1416 1209 1452 1284 p.
1474 1179 1577 1284 59u]

707 1391 926 1490 Oompotum
937 1389 1155 1466 ballivorum
1171 1387 1277 1488 burgi
1290 1387 1336 1462 de
1353 1385 1427 1462 Are
1439 1387 1626 1461 redditum
1637 1412 1703 1486 per
1716 1387 1921 1464 Gilbertum
1934 1389 1981 1465 de
1994 1389 2178 1466 Oeehrane

631 1518 787 1594 alterum
802 1515 1020 1591 ballivorum
1037 1515 1183 1589 nomine
1199 1538 1266 1587 euo
1284 1522 1322 1587 et
1338 1513 1425 1587 eoeii
1443 1513 1501 1587 sui
1518 1511 1678 1588 absentis
1695 1514 1803 1614 xxiij⁰
1821 1515 1881 1590 die
1898 1515 2024 1616 Mureij
2043 1513 2179 1615 [1378]

565 1671 569 1678 ·
630 1645 676 1720 de
702 1643 870 1719 omnibus
895 1642 1050 1741 receptis
1067 1640 1142 1715 suis
1160 1649 1197 1715 et
1213 1639 1380 1737 expensis
1405 1665 1470 1738 per
1495 1639 1617 1714 firmae
1634 1651 1672 1714 et
1697 1641 1817 1716 exitus
1835 1641 1926 1715 dicti
1948 1641 2055 1742 burgi
2071 1667 2094 1716 a
2110 1641 2179 1739 xij⁰

631 1770 690 1844 die
700 1769 827 1868 Mereij
843 1763 979 1867 [1377]
993 1791 1107 1865 usque
1121 1766 1161 1838 in
1175 1763 1272 1838 diem
1284 1762 1394 1839 huius
1408 1765 1566 1863 compoti
1580 1775 1618 1840 et
1628 1765 1679 1840 uic
1689 1764 1736 1839 de
1745 1765 1887 1841 duobus
1900 1767 2064 1844 terminis
2077 1768 2180 1845 idem

631 1904 756 1971 onerat
775 1920 812 1969 se
836 1893 881 1969 de
904 1894 951 1966 ΧΗ
967 1892 1047 1990 xiij*
1067 1888 1141 1990 iiij<l
1159 1891 1314 1989 receptis
1331 1891 1377 1964 de
1393 1889 1507 1963 firmis
1528 1889 1619 1965 dieti
1636 1890 1743 1990 burgi
1759 1917 1805 1966 ex
1821 1891 2048 1967 aesedaeione
2065 1917 2181 1970 eame-

631 2023 717 2098 rarii
734 2023 779 2097 de
791 2020 934 2096 duobus
950 2017 1115 2093 terminis
1127 2016 1236 2091 huius
1253 2016 1411 2114 compoti
1429 2015 1579 2090 Summa
1594 2026 1697 2114 patet
1713 2043 1824 2116 quum
1841 2017 2027 2093 solverunt
2043 2017 2180 2096 Fratri-

630 2147 699 2224 bus
718 2143 1011 2222 Predieatoribus
1036 2142 1082 2216 de
1098 2140 1172 2216 Are
1194 2141 1477 2242 percipientibus
1502 2140 1644 2216 firmum
1670 2142 1761 2217 dieti
1785 2143 1891 2243 burgi
1916 2144 1961 2218 de
1987 2144 2181 2221 elemosine

631 2274 726 2374 regis
743 2296 864 2346 annua
880 2267 1052 2368 usquead
1069 2277 1206 2341 curtem
1223 2291 1403 2342 summam
1418 2276 1462 2340 ut
1479 2275 1582 2365 patet
1597 2291 1662 2366 per
1679 2267 1803 2343 literas
1815 2268 1996 2345 dictorum
2012 2269 2181 2348 Fratrum

633 2399 679 2476 de
701 2407 845 2497 recepto
861 2405 1021 2472 ostensae
1038 2418 1146 2492 super
1163 2401 1372 2490 compotum
1389 2390 1438 2466 Et
1454 2391 1506 2466 eie
1524 2415 1623 2490 eque.
