5138 6694
675 870 894 936 CHARTERS
916 869 969 935 OF
990 871 1076 934 THE
1098 870 1250 935 FRIARS
1272 867 1518 934 PREAOHFRS
1539 865 1592 930 OF
1613 863 1709 929 AYR.
1901 859 1961 924 117

1016 1157 1115 1262 [Vol.
1132 1158 1180 1236 II.
1200 1186 1234 1260 p.
1257 1155 1362 1259 283.]

792 1337 983 1414 Ren‘dcred
999 1348 1038 1413 at
1054 1337 1177 1430 Parth,
1200 1337 1289 1413 roth
1305 1336 1469 1436 January
1489 1341 1595 1412 1366.

492 1520 626 1596 Ballivi
650 1519 696 1595 de
721 1517 795 1594 Are
822 1529 1072 1619 computantes
1097 1519 1143 1594 de
1167 1519 1281 1594 firmis
1307 1518 1397 1594 dicti
1426 1518 1535 1618 burgi
1560 1516 1606 1592 de
1631 1516 1774 1591 duobus
1799 1511 1964 1588 terminis

417 1646 526 1724 huius
543 1645 701 1746 compoti
719 1655 871 1721 onerant
887 1671 926 1721 se
942 1645 988 1721 (16
1004 1645 1073 1746 liij⁸
1092 1643 1166 1746 iiijd
1181 1646 1227 1721 de
1252 1645 1389 1720 eisdem
1413 1643 1579 1719 terminis
1605 1641 1757 1718 Summa
1773 1649 1877 1740 patet
1893 1663 1964 1738 que

369 1830 373 1844 ,
416 1773 622 1875 assignatur
638 1771 825 1848 Fratribus
841 1771 1131 1848 Predicatoribus
1148 1771 1194 1846 (16
1210 1771 1284 1846 Are
1300 1796 1366 1871 pm
1382 1795 1504 1846 annua
1528 1769 1700 1869 pensione
1719 1767 1770 1842 eis
1796 1791 1964 1842 concessa

416 1925 463 1975 ex
479 1897 674 1975 elemosina
688 1898 793 1998 regis.

1009 2019 1111 2123 [Vol.
1134 2022 1183 2100 ΙΙ.
1206 2048 1242 2122 p.
1264 2019 1368 2123 rra]

492 2221 604 2325 [llth
629 2224 813 2322 February
841 2219 967 2323 1373]
1017 2221 1156 2298 Eodem
1182 2222 1242 2298 (116
1274 2222 1460 2298 lohannes
1494 2221 1592 2320 Gray
1619 2247 1714 2297 unus
1747 2219 1965 2295 ballivorum

417 2350 524 2452 burgi
552 2350 599 2426 (16
623 2349 698 2425 Are
726 2360 940 2449 computans
963 2349 1009 2424 de
1033 2349 1138 2424 firma
1163 2348 1254 2424 dieti
1280 2348 1388 2450 burgi
1417 2359 1544 2424 onerat
1569 2373 1607 2423 66
1629 2347 1675 2423 (16
1702 2343 1778 2446 vij*i
1800 2347 1854 2446 η’·
1879 2334 1965 2443 viijd

417 2477 571 2579 receptis
596 2501 662 2577 per
686 2474 809 2550 firmas
834 2474 925 2550 dieti
950 2474 1058 2576 burgi
1075 2475 1121 2551 (16
1146 2475 1312 2550 terminis
1337 2475 1569 2550 Pentecosten
1595 2483 1635 2548 et
1662 2473 1789 2548 Sancti
1813 2471 1965 2548 Martini

417 2604 592 2708 proximis
621 2601 805 2678 antehoc
835 2611 1046 2701 compotum
1074 2626 1139 2700 per
1168 2601 1434 2677 assedacionem
1462 2598 1658 2675 Camerarii
1687 2598 1839 2674 Summa
1862 2607 1966 2698 patet

418 2757 530 2833 quam
562 2728 751 2805 solverunt
791 2725 981 2801 Fratribus
1014 2725 1305 2802 Predicatoribus
1339 2725 1385 2802 de
1417 2725 1490 2800 Are
1525 2725 1566 2799 in
1598 2734 1740 2824 partem
1773 2723 1966 2800 elemosine

418 2881 538 2934 annue
554 2855 607 2931 eis
624 2877 789 2930 concesse
804 2878 869 2952 per
884 2877 1014 2954 regem.

1019 3075 1116 3178 [Vol.
1138 3077 1187 3154 II.
1205 3103 1241 3177 p.
1262 3074 1367 3178 486]

495 3284 716 3382 compotum
732 3279 813 3355 Ade
831 3279 1012 3380 Snorgyrs
1028 3279 1137 3355 unius
1154 3278 1370 3354 ballivorum
1386 3278 1494 3379 burgi
1511 3278 1556 3354 de
1573 3279 1647 3354 Are
1671 3279 1856 3355 redditum
1881 3277 1966 3380 [nh

419 3411 548 3489 March
568 3405 682 3508 1372]
698 3407 744 3482 de
768 3405 936 3480 omnibus
952 3405 1108 3505 receptis
1125 3405 1199 3480 suis
1216 3415 1254 3480 61
1280 3404 1447 3504 expensis
1471 3429 1537 3503 per
1552 3403 1673 3480 firmas
1690 3405 1782 3481 dicti
1798 3405 1905 3507 burgi
1921 3406 1968 3482 (16

420 3537 562 3616 duobus
574 3532 741 3610 terminis
758 3531 993 3606 Pentecostes
1004 3530 1176 3606 videlicet
1189 3541 1227 3605 et
1246 3531 1372 3606 Sancti
1384 3531 1537 3605 Martini
1549 3529 1680 3606 ultimo
1692 3530 1967 3631 precedentibus

419 3665 489 3740 hoc
506 3669 714 3760 compotum
731 3656 835 3731 idem
853 3665 980 3731 onerat
996 3681 1035 3730 se
1051 3655 1097 3730 de
1114 3653 1161 3730 rr*i
1177 3656 1331 3755 receptis
1346 3681 1412 3754 per
1428 3655 1550 3731 firmas
1568 3655 1656 3732 dicti
1673 3656 1779 3757 burgi
1796 3657 1842 3731 de
1860 3657 1968 3734 dictis

420 3788 588 3866 terminis
608 3785 759 3861 Summa
774 3793 878 3882 patet
894 3807 1006 3882 quam
1022 3792 1211 3882 computat
1228 3781 1377 3856 solvisse
1401 3780 1589 3856 Fratribus
1614 3781 1905 3858 Predioatoribus
1922 3782 1969 3860 (16

421 3916 496 3992 Are
511 3908 794 4014 percipientibus
817 3909 862 3984 de
879 3907 1074 3983 elemosina
1090 3908 1185 4008 regis
1209 3906 1332 3982 firmas
1349 3905 1439 3982 dicti
1460 3907 1568 4008 burgi
1584 3934 1699 4007 usque
1716 3908 1763 3982 ad
1788 3933 1968 3982 summam

421 4043 555 4146 viginti
570 4040 743 4116 librarum
761 4037 807 4112 de
824 4035 967 4110 duobus
979 4035 1145 4109 terminis
1161 4033 1271 4110 huius
1288 4034 1448 4134 compoti
1463 4035 1583 4134 priore
1599 4033 1781 4109 dictorum
1797 4033 1968 4109 Fratrum

421 4170 560 4247 fatente
576 4175 764 4265 receptum
782 4187 891 4261 super
907 4171 1117 4260 compotum
1134 4159 1285 4236 Summa
1300 4159 1409 4235 huius
1426 4185 1583 4260 expense
1599 4168 1703 4260 patet
1715 4159 1765 4235 Et
1783 4159 1834 4236 sic
1852 4183 1953 4258 eque.

877 4421 879 4426 Ι
1022 4487 1120 4590 [Vol
1140 4489 1189 4567 II.
1209 4515 1244 4588 p.
1265 4487 1369 4589 573]

500 4696 720 4796 (lompotum
732 4696 757 4771 J
757 4696 910 4772 ohannis
928 4695 1112 4772 Oravvford
1129 4707 1167 4772 61
1183 4697 1321 4798 Nigelli
1333 4699 1460 4773 vicarii
1475 4699 1692 4774 ballivorum
1709 4699 1814 4800 burgi
1832 4699 1878 4775 de
1895 4699 1968 4775 Are

423 4823 608 4900 redditum
632 4849 696 4922 per
713 4823 920 4898 Gilbertum
937 4823 983 4897 de
1001 4823 1185 4898 Oochrane
1203 4824 1301 4923 apud
1327 4824 1460 4899 Dunde
1478 4825 1574 4924 xij¹¹¹⁰
1593 4824 1652 4900 die
1678 4825 1804 4924 Marcij
1833 4822 1970 4926 [1377]

424 4950 471 5026 de
487 4947 654 5025 omnibus
671 4949 823 5048 receptis
840 4949 914 5024 suis
931 4959 969 5023 61
986 4947 1154 5047 expensis
1171 4949 1216 5023 de
1231 4948 1345 5023 firmis
1362 4959 1400 5024 et
1416 4949 1575 5025 exitibus
1591 4949 1681 5024 (11611
1697 4949 1803 5050 burgi
1816 4948 1862 5024 de
1879 4950 1968 5025 duo-

424 5076 493 5152 bus
505 5074 670 5150 terminis
686 5073 858 5150 videlicet
870 5075 1103 5148 Pentecostes
1121 5084 1159 5148 et
1176 5073 1302 5149 Sancti
1318 5075 1472 5150 Martini
1488 5077 1620 5152 ultimo
1636 5077 1817 5176 preteritis
1834 5075 1970 5152 Onerat

424 5225 463 5276 se
480 5199 526 5275 de
551 5194 598 5273 rr*i
613 5200 768 5298 receptis
793 5225 858 5298 per
873 5199 996 5273 firmas
1014 5199 1105 5273 dicti
1121 5199 1227 5300 burgi
1249 5226 1295 5274 ex
1312 5200 1539 5277 assedaoione
1565 5202 1749 5277 camerarii
1765 5201 1811 5276 de
1829 5201 1970 5277 duobus

423 5325 600 5402 terminus
618 5324 727 5399 huius
744 5325 903 5424 compoti
921 5323 1071 5399 Summa
1086 5333 1191 5423 patet
1208 5351 1318 5424 quam
1335 5325 1444 5401 solvit
1461 5325 1653 5402 Fratribus
1678 5325 1968 5403 Predicatoribus

425 5453 471 5529 de
487 5451 561 5527 Are
577 5451 858 5550 percipientibus
874 5449 1018 5524 firmam
1035 5449 1125 5524 dicti
1142 5451 1248 5550 burgi
1264 5451 1314 5526 Et
1331 5452 1383 5527 sie
1399 5477 1499 5551 eque.
1949 5423 1956 5446 ⁸
