5142 6684
712 793 933 860 OHARTERS
955 793 1008 857 OF
1028 793 1114 856 THE
1134 791 1284 856 nnmns
1306 790 1552 854 PREACHERS
1574 789 1627 854 OF
1647 789 1743 856 AYR
1957 795 1998 860 37

452 1104 510 1172 25.
537 1089 717 1172 Notum'ol
731 1089 832 1189 Oopy
845 1086 890 1188 os
903 1084 1062 1162 ctarur
1075 1083 1121 1182 by
1132 1081 1299 1158 Andreau
1310 1081 1486 1182 Wenford
1504 1096 1538 1159 to
1552 1083 1610 1160 tlte
1626 1083 1764 1160 Fciam
1779 1083 1996 1177 Praeclara,

772 1211 852 1313 ofu
872 1210 1064 1288 Tencutcot
1081 1207 1160 1285 aad
1176 1207 1304 1285 Mada
1319 1207 1362 1285 in
1377 1207 1670 1311 ἕψῃ-[1401]

523 1427 568 1501 In
579 1425 649 1500 Dei
658 1424 804 1500 nomine
815 1447 920 1497 amen
932 1419 1122 1494 Universis
1132 1444 1277 1518 presens
1287 1418 1475 1517 publicum
1484 1418 1768 1494 instrumentum
1780 1420 1997 1520 inspecturis

452 1552 511 1627 vel
538 1551 718 1627 audituris
744 1557 870 1649 pateat
894 1544 1085 1620 manifeste
1113 1544 1213 1644 quod
1239 1570 1335 1619 anno
1362 1571 1384 1618 a
1409 1544 1603 1619 nativitate
1632 1543 1782 1618 Domini
1804 1546 1996 1622 millesimo

451 1677 804 1778 quadringentesimo
821 1673 937 1773 primo
954 1669 1156 1744 indiccione
1181 1695 1278 1744 nona
1303 1669 1538 1769 pontificatus
1562 1669 1780 1744 sanctissimi
1797 1670 1837 1744 in
1854 1670 1997 1748 Christo

450 1804 564 1903 patris
577 1815 614 1878 et
627 1801 765 1878 domini
778 1798 894 1874 nostri
905 1795 1044 1872 domini
1056 1793 1244 1868 Benedicti
1261 1794 1389 1869 divina
1398 1794 1630 1894 providencia
1641 1820 1735 1894 pape
1747 1797 1852 1871 tercii
1865 1797 1998 1873 decimi

451 1955 546 2004 anno
559 1955 654 2005 nono
673 1929 718 2003 In
730 1927 803 2002 mei
815 1923 947 2000 notarii
958 1921 1095 2021 publici
1108 1930 1146 1996 et
1161 1921 1311 1996 testium
1328 1921 1613 2020 subscriptorum
1629 1921 1812 2020 presencia
1828 1948 1995 2021 persona·

450 2056 535 2131 liter
547 2055 767 2130 constitutus
779 2051 965 2151 religiosus
978 2057 1015 2122 et
1027 2047 1204 2122 discretus
1216 2046 1327 2122 frater
1339 2045 1518 2122 Patricius
1535 2045 1581 2120 de
1598 2045 1718 2121 Oarric
1730 2048 1829 2146 prior
1839 2074 1994 2126 conven-

449 2181 687 2256 tusFratrum
697 2179 968 2253 Predicatorum
978 2173 1642 2275 deArequandamcartamquondam
1652 2173 1996 2252 AndreeWasforde

448 2305 638 2406 burgensis
655 2304 700 2380 de
717 2303 791 2379 Are
809 2302 877 2377 sub
901 2301 1021 2402 sigillo
1046 2326 1112 2375 suo
1138 2311 1176 2376 et
1200 2299 1384 2375 communi
1409 2299 1527 2400 sigillo
1551 2298 1659 2400 burgi
1675 2299 1721 2374 de
1737 2299 1811 2376 Are
1827 2303 1997 2403 sigillatis

448 2458 523 2507 non
539 2457 657 2507 rasam
681 2457 755 2506 non
780 2428 956 2504 abolitam
980 2454 1047 2503 nec
1073 2427 1278 2527 aliqualiter
1302 2427 1474 2501 viciatam
1498 2451 1635 2525 necque
1660 2437 1864 2526 suspectam
1883 2429 1995 2504 michi
2140 2505 2145 2512 ,

447 2559 667 2633 monstravit
692 2581 733 2631 ac
756 2554 894 2656 perlegi
922 2554 1009 2628 fecit
1038 2551 1290 2651 cariusquidem
1319 2560 1416 2625 carte
1444 2560 1549 2626 tenor
1578 2552 1743 2652 sequitur
1767 2565 1804 2629 et
1829 2565 1885 2630 est
1909 2557 1995 2632 talis

448 2683 625 2759 Omnibus
650 2683 718 2758 hoc
743 2682 920 2780 scriptum
948 2678 1042 2779 (etc,
1058 2677 1144 2752 vide
1167 2676 1235 2752 No.
1267 2683 1310 2750 11
1338 2671 1461 2776 supra)
1489 2676 1755 2776 Quamquidem
1780 2689 1918 2755 cartam
1943 2683 1995 2757 sic

446 2819 685 2884 monstratam
710 2818 748 2882 et
772 2805 969 2905 perlectam
994 2803 1201 2880 antedictus
1225 2802 1323 2901 prior
1338 2827 1361 2876 a
1376 2827 1435 2876 me
1460 2803 1602 2877 notario
1627 2803 1695 2878 sub
1720 2804 1824 2905 signo
1849 2806 1996 2906 publico

446 2935 557 3033 peciit
582 2935 715 3034 copiari
740 2943 778 3008 et
802 2931 888 3007 inde
912 2930 1100 3030 publicum
1125 2927 1195 3002 sibi
1218 2927 1297 3001 fieri
1323 2927 1607 3002 instrumentum
1634 2930 1841 3027 sumptibus
1864 2933 1997 3009 suiset

447 3059 614 3159 expensis
629 3059 724 3134 Acta
740 3067 828 3133 sunt
843 3057 910 3131 hec
926 3055 1025 3154 apud
1040 3053 1113 3128 Are
1138 3053 1178 3126 in
1203 3051 1352 3127 ecelesia
1373 3051 1479 3127 beate
1504 3052 1679 3128 Katerine
1703 3055 1856 3155 virginis
1873 3082 1994 3133 coram

446 3211 580 3287 magno
606 3185 711 3259 altari
728 3209 822 3258 anno
845 3182 1046 3257 indiccione
1062 3203 1186 3254 mense
1202 3177 1262 3252 die
1279 3187 1317 3252 et
1333 3176 1550 3276 pontificatu
1566 3179 1750 3278 premissis
1766 3182 1994 3280 presentibus

445 3310 582 3387 ibidem
615 3311 780 3384 discretis
816 3308 905 3382 viris
944 3304 1145 3405 Reginaldo
1178 3303 1224 3378 de
1256 3302 1417 3402 Fynvylr
1458 3313 1547 3378 tunc
1581 3303 1806 3380 aldirmanno
1840 3306 1886 3382 de
1919 3307 1993 3384 Are

446 3437 609 3512 Gilberto
639 3434 790 3510 Henrici
818 3432 939 3507 Adam
967 3431 1012 3506 de
1042 3430 1126 3505 Bvr
1154 3439 1244 3503 tunc
1272 3427 1418 3502 ballivis
1448 3429 1609 3503 eiusdem
1636 3429 1803 3505 Johenne
1832 3431 1878 3506 de
1907 3433 1994 3509 Blnr

445 3561 602 3662 Hugone
628 3561 673 3635 de
698 3559 784 3634 Bler
808 3557 987 3632 scutiferis
1020 3555 1159 3630 Thema
1192 3553 1403 3652 Souirlyson
1435 3552 1603 3629 Johenne
1636 3555 1792 3630 Tomson
1825 3556 1992 3634 Johenne

443 3686 573 3762 Vilson
589 3684 828 3786 burgensibus
844 3683 933 3757 dicti
956 3681 1063 3781 burgi
1088 3689 1126 3755 et
1150 3679 1277 3754 multis
1302 3678 1381 3752 aliis
1405 3678 1560 3754 testibus
1584 3678 1632 3754 ad
1655 3681 1829 3779 premissa
1853 3685 1992 3761 vocatis

443 3813 645 3912 specialiter
661 3821 699 3886 et
714 3809 858 3911 rogatis.

519 3939 569 4014 Et
586 3964 652 4039 ego
669 3936 852 4011 Walterus
869 3934 915 4008 dc
930 3932 1005 4006 Are
1030 3931 1178 4006 clericus
1195 3929 1427 4030 Glasguensis
1443 3929 1595 4004 diocesis
1610 3930 1778 4030 publicus
1794 3936 1992 4034 apostolica

593 4073 630 4138 et
663 4061 843 4160 imperiali
875 4058 1090 4133 auctoritate
1122 4056 1286 4130 notarius
1326 4055 1498 4154 premisse
1532 4065 1629 4130 carte
1662 4061 1919 4136 monstracioni
1953 4073 1991 4139 et

591 4187 802 4288 perlectioni
818 4209 992 4260 unacum
1016 4182 1275 4282 prenominatis
1294 4182 1448 4256 testibus
1472 4207 1618 4281 presens
1635 4182 1785 4258 interfui
1800 4186 1988 4288 ipsamque

592 4325 729 4390 cartam
746 4313 797 4387 sic
813 4311 1008 4410 perlectam
1024 4309 1064 4382 in
1080 4308 1178 4382 hunc
1195 4307 1344 4382 modum
1367 4307 1508 4405 copiavi
1524 4306 1578 4380 nil
1595 4307 1731 4383 addens
1747 4309 1806 4384 vel
1822 4313 1990 4390 minuens

590 4439 689 4540 quod
706 4463 850 4514 sensum
866 4446 1007 4510 mutere
1023 4434 1159 4533 poterit
1180 4442 1245 4506 aut
1267 4433 1405 4507 variam
1429 4432 1653 4508 intellectum
1677 4433 1745 4509 hoc
1769 4435 1988 4514 instrumen-

591 4576 673 4639 tum
691 4589 802 4637 manu
819 4562 965 4661 propria
981 4559 1107 4658 scripsi
1124 4559 1216 4633 etin
1233 4557 1327 4632 hanc
1343 4557 1525 4656 publicam
1550 4557 1703 4633 formam
1719 4560 1842 4662 redegi
1857 4563 1988 4666 hicque

590 4717 650 4764 me
679 4688 873 4788 subscripsi
900 4697 937 4761 et
966 4686 1070 4786 signo
1096 4709 1177 4758 meo
1202 4683 1309 4757 solito
1334 4683 1475 4783 signavi
1503 4685 1699 4784 requisitus
1724 4687 1924 4786 specialiter
1949 4703 1987 4768 et

589 4823 736 4915 rogatus
752 4814 792 4887 in
808 4797 1058 4888 testimonium
1073 4809 1339 4910 premissorum.

1110 5073 1315 5148 Arsrmer.

514 5284 680 5359 Notarial
714 5309 807 5383 copy
836 5283 877 5358 of
902 5283 1044 5358 charter
1071 5284 1123 5383 by
1152 5283 1312 5358 Andrev
1334 5282 1513 5375 Wasford,
1545 5309 1612 5358 son
1640 5282 1714 5358 end
1742 5283 1821 5358 heir
1850 5282 1892 5357 of
1920 5284 1985 5359 the

322 5493 324 5500 ,
438 5409 610 5486 deceased
635 5409 760 5485 Simon
785 5408 966 5502 Wasford,
992 5411 1032 5484 in
1056 5409 1185 5484 favour
1210 5409 1251 5484 of
1268 5408 1332 5483 the
1357 5407 1477 5484 Friars
1502 5408 1696 5485 Preachers
1721 5409 1762 5483 of
1782 5409 1870 5509 Ayr,
1896 5409 1938 5484 of
1963 5436 1985 5485 a
