5138 6694
603 799 644 862 er
858 794 1076 862 onnarnss
1098 793 1151 858 or
1172 793 1258 856 rna
1279 792 1431 856 urruns
1453 791 1701 856 ramesses
1723 769 1779 856 or
1797 790 1894 858 rra.

601 981 670 1058 Air
685 981 759 1057 and
775 980 1042 1080 procuratornis
1058 979 1114 1055 for
1136 979 1198 1054 the
1224 979 1320 1054 heile
1344 978 1463 1079 burgh
1487 977 1614 1054 ballies
1638 979 1806 1056 eounssle
1831 978 1903 1054 end
1928 979 2152 1056 communite

603 1106 644 1181 of
657 1106 720 1192 the
736 1131 866 1204 samyn
883 1105 956 1180 end
972 1105 1069 1179 thair
1083 1105 1236 1204 promist
1253 1104 1377 1179 theme
1392 1115 1432 1180 to
1449 1104 1557 1180 infeft
1574 1105 1637 1180 the
1652 1105 1752 1205 prior
1768 1105 1841 1180 end
1858 1115 2015 1180 convent
2032 1103 2073 1179 of
2086 1103 2151 1179 the

602 1231 721 1307 Freris
746 1229 1013 1306 Predieatouris
1039 1229 1081 1305 of
1105 1230 1179 1304 Are
1207 1231 1246 1304 in
1263 1230 1313 1304 all
1340 1230 1458 1304 landis
1484 1231 1702 1306 tenementis
1729 1231 1865 1330 mylnis
1881 1231 2050 1306 multuris
2078 1229 2152 1306 and

604 1355 770 1430 annualis
786 1355 869 1428 that
885 1353 963 1427 thei
979 1381 1054 1427 war
1069 1353 1179 1429 infeft
1195 1354 1318 1434 before
1336 1356 1399 1430 the
1416 1357 1666 1454 recognitioun
1683 1357 1782 1432 maid
1799 1357 1841 1432 of
1862 1358 1960 1433 their
1976 1356 2095 1432 landis
2111 1355 2152 1430 in

603 1481 667 1558 the
683 1480 765 1555 best
780 1479 896 1554 forme
913 1480 986 1554 and
1002 1479 1180 1555 siklrerest
1197 1480 1270 1554 and
1286 1481 1467 1555 consentit
1483 1482 1566 1556 that
1578 1482 1657 1556 thoi
1669 1481 1714 1557 be
1726 1483 1894 1583 mortifijt
1936 1483 2152 1557 Extractum

603 1605 649 1680 de
681 1606 774 1680 libro
807 1616 969 1680 aetorum
1002 1630 1068 1704 per
1099 1631 1159 1680 me
1192 1606 1408 1706 magistrum
1446 1605 1640 1680 Gawinum
1673 1606 1827 1682 Dunbar
1860 1607 2153 1684 archidiaconum

604 1731 861 1806 Sanctiandree
887 1731 1056 1806 clericum
1081 1730 1282 1805 rotulorum
1306 1731 1450 1830 registri
1467 1756 1508 1804 ac
1526 1730 1664 1830 consilij
1693 1733 1853 1831 supremi
1877 1733 2017 1808 domini
2036 1733 2158 1822 nostri,

602 1857 698 1956 regis
715 1856 783 1931 sub
799 1857 889 1931 meis
906 1857 1010 1955 signo
1028 1865 1066 1930 et
1082 1854 1345 1954 subscriptione
1370 1855 1599 1931 manualibus
1649 1856 1904 1957 Quodquidem
1929 1869 2051 1934 actum
2076 1859 2155 1937 sive

604 1982 790 2057 decretum
816 2007 857 2056 ac
883 1982 1005 2056 omnia
1030 1991 1067 2056 et
1093 1979 1236 2080 singula
1252 1981 1292 2055 in
1316 1981 1443 2056 eodem
1469 1991 1641 2056 contenta
1665 1982 1907 2081 approbamus
1931 1982 2154 2060 ratificamus

604 2119 641 2184 et
667 2134 732 2208 per
758 2118 941 2207 presentes
968 2117 1011 2182 ut
1037 2107 1254 2206 premissum
1284 2116 1341 2180 est
1371 2106 1627 2180 confirmamus
1677 2107 1816 2182 Datum
1846 2109 1914 2183 sub
1944 2109 2154 2187 testimonio

603 2234 728 2332 magni
746 2233 857 2333 sigilli
873 2233 990 2306 nostri
1007 2231 1104 2331 apud
1121 2230 1337 2332 Edinburgh
1353 2232 1494 2307 decimo
1511 2233 1666 2331 septimo
1692 2231 1752 2307 die
1776 2234 1910 2309 mensis
1935 2234 1960 2310 J
1961 2234 2037 2334 unij
2057 2261 2154 2311 anno

604 2358 744 2434 domini
760 2358 951 2433 millesimo
968 2357 1258 2459 quingentesimo
1276 2357 1448 2432 vicesimo
1466 2357 1595 2459 quinto
1612 2367 1649 2432 et
1665 2358 1769 2460 regni
1784 2360 1901 2435 nostri
1917 2359 2140 2440 duodecimo.

607 2730 665 2801 60.
692 2721 850 2822 Precept
866 2721 939 2821 sor
967 2719 1234 2822 Oonfirncotion
1263 2720 1309 2819 of
1335 2733 1401 2797 two
1435 2721 1610 2800 Oltcrters
1633 2721 1676 2798 a'n
1688 2723 1833 2823 favour
1861 2728 1907 2827 of
1932 2729 1991 2804 tlte
2019 2729 2155 2807 Fciam

755 2847 970 2940 Prcocbers,
990 2847 1036 2947 <ff
1055 2848 1113 2924 tlte
1135 2845 1264 2923 Lenda
1286 2846 1332 2946 <ff
1353 2845 1573 2926 Orowslcnd
1599 2847 1679 2926 ond
1710 2849 1910 2946 Omittit,
1930 2853 2155 2956 οἱα-[20111

755 2969 1041 3075 Apnl1527.]¹

681 3180 898 3278 Preceptum
922 3189 1019 3254 carte
1047 3177 1358 3253 admortizationis
1386 3189 1424 3254 et
1451 3179 1737 3256 confirmationis
1764 3182 1886 3257 fratris
1912 3183 2048 3260 Robert
2066 3185 2155 3261 Prat

605 3307 735 3406 prioris
748 3306 918 3380 Fratrum
931 3303 1202 3378 Predicatorum
1215 3303 1321 3404 burgi
1339 3303 1384 3378 de
1396 3304 1470 3378 Are
1484 3315 1521 3379 et
1538 3317 1739 3381 conventus
1753 3309 1949 3384 eorundem
1962 3319 2031 3388 etc.
2047 3336 2155 3410 super

605 3431 747 3508 duabus
764 3431 871 3506 cartis
889 3429 960 3504 sibi
977 3427 1084 3503 factis
1101 3453 1165 3528 per
1181 3429 1407 3527 prepositum
1422 3429 1576 3504 ballivos
1592 3429 1788 3532 burgenses
1805 3445 1843 3509 et
1855 3437 2155 3512 communitatem

605 3558 712 3660 burgi
729 3558 774 3632 de
791 3555 864 3632 Are
881 3582 956 3630 una
980 3554 1150 3630 videlieet
1166 3554 1212 3629 de
1238 3553 1479 3655 quadraginta
1496 3555 1658 3632 solidatis
1675 3568 1853 3634 terrarum
1870 3559 1915 3636 de
1933 3559 2156 3639 Orawisland

607 3694 645 3760 et
662 3682 851 3760 Castelhill
864 3681 1067 3782 jacentium
1083 3681 1124 3754 in
1140 3681 1321 3755 tenitorio
1345 3681 1436 3755 dicti
1452 3680 1560 3782 burgi
1586 3683 1625 3756 in
1647 3682 1682 3758 le
1709 3683 1899 3760 Burrofeld
1928 3686 2023 3762 iufra
2046 3687 2155 3763 liber-

605 3819 721 3884 tatem
752 3808 914 3884 eiusdem
944 3807 1015 3881 alia
1044 3832 1129 3882 vero
1158 3832 1223 3906 per
1252 3807 1396 3880 eosdem
1422 3807 1529 3882 dietis
1554 3808 1727 3884 fratribus
1751 3809 1850 3886 facta
1874 3811 1920 3886 de
1945 3813 2155 3889 molendino

606 3935 652 4012 de
669 3935 743 4010 Are
759 3959 917 4009 unacum
943 3933 1153 4007 molendino
1180 3930 1226 4005 de
1254 3930 1543 4030 Lochmylburne
1569 3959 1653 4008 cum
1678 3935 1818 4010 duabus
1834 3936 1868 4010 le
1886 3937 1977 4011 crois
1993 3939 2156 4037 piscariis

605 4061 641 4136 le
658 4058 825 4136 salmond
850 4058 941 4133 crois
958 4059 997 4133 in
1014 4057 1048 4134 le
1065 4057 1150 4132 dam
1166 4055 1367 4131 molendini
1385 4057 1430 4133 de
1455 4057 1529 4133 Are
1552 4069 1619 4135 etc.
1672 4059 1786 4159 Apud
1811 4061 2028 4163 Edinburgh
2054 4079 2147 4139 uumo

606 4185 745 4288 Aprilis
766 4210 861 4259 anno
878 4183 1040 4284 predicto
1056 4179 1202 4283 [1527]

612 4543 669 4613 61.
698 4533 928 4610 instrument
965 4530 1011 4631 of
1043 4529 1177 4606 Sasine
1211 4531 1257 4631 ff
1291 4532 1348 4608 tbc
1381 4531 1498 4608 Prior
1534 4533 1615 4611 ond
1650 4535 1810 4613 Ocnucnt
1847 4537 1893 4637 of
1927 4537 1985 4614 tlte
2017 4537 2156 4616 Friors

759 4656 971 4747 Prencbers,
990 4656 1032 4731 in
1057 4684 1084 4734 α
1112 4656 1303 4734 Tencment
1329 4656 1443 4733 wbicb
1469 4659 1640 4760 belonged
1665 4674 1699 4736 to
1723 4660 1829 4737 Alnn
1844 4663 2157 4766 Reginca-[ult

759 4783 855 4883 Jnty
880 4780 1004 4882 1541]

686 4995 732 5070 In
748 4993 819 5070 Dei
840 4993 987 5110 nomine
1005 4991 1145 5068 Arnen:
1173 4991 1244 5067 Per
1263 4994 1332 5068 hoc
1348 5019 1495 5092 presens
1513 4994 1700 5092 publicum
1716 4997 1999 5074 instrumentum
2016 5001 2156 5076 cunctis

610 5131 734 5223 pateat
767 5118 963 5196 evidenter.
990 5117 1089 5217 quod
1118 5143 1213 5192 anno
1239 5119 1497 5193 incarnationis
1531 5119 1720 5196 Dominice
1753 5123 1945 5199 millesimo
1978 5126 2155 5226 quingen-

611 5249 740 5324 tesimo
762 5243 1038 5347 quadragesimo
1057 5242 1175 5342 primo
1199 5243 1333 5317 mensis
1350 5269 1436 5318 vero
1460 5243 1549 5344 Julij
1570 5245 1629 5321 die
1654 5257 1783 5345 quarto
1800 5248 2000 5326 indictione
2016 5251 2157 5327 decima

972 5444 983 5480 ¹
997 5447 1081 5504 From
1094 5446 1142 5505 the
1155 5447 1279 5520 Register
1292 5445 1323 5502 of
1333 5445 1380 5502 the
1394 5445 1479 5522 Privy
1492 5449 1563 5520 Senl,
1577 5450 1625 5507 lib.
1634 5451 1671 5508 vi
1683 5449 1730 5508 fol.
1744 5455 1792 5512 64.
