5142 6684
966 1987 1399 2104 APPENDIX.

1097 2275 1247 2314 -4st-

1123 2473 1193 2550 Nc.
1213 2435 1250 2550 Ι..

859 2699 956 2778 PRO
982 2700 1259 2779 PROVINCIA
1285 2698 1515 2777 secema}

1125 2888 1228 2966 XXI.

406 3115 566 3191 Scorrnu
583 3111 786 3206 Prordncia,
805 3113 851 3189 ab
868 3109 1072 3215 Anglicana
1093 3115 1234 3206 euulsa,
1254 3113 1509 3214 antiquissima
1526 3112 1598 3188 fuit
1615 3112 1655 3189 in
1673 3111 1820 3193 Ordine.
1875 3115 1954 3205 Quo

404 3251 528 3317 autem
545 3267 641 3316 anno
657 3241 697 3316 in
713 3239 932 3342 peculiarem
949 3239 1060 3316 fucrit
1076 3251 1196 3318 erecta
1219 3238 1462 3332 Prouinciam,
1480 3264 1555 3314 non
1579 3240 1795 3318 inuenimue.
1849 3239 1889 3318 P.
1910 3240 1952 3318 F.

404 3367 563 3443 Michael
580 3366 731 3442 Plcdius
756 3365 955 3466 Inquisitor
979 3367 1261 3442 Mediolanensis
1287 3366 1333 3442 (16
1357 3365 1432 3440 Vir.
1462 3365 1580 3442 Illust.
1609 3367 1694 3444 Ord.
1722 3393 1798 3468 par.
1828 3376 1863 3461 2,
1886 3367 1954 3445 hcc

405 3519 486 3570 ann
507 3493 613 3570 Dom.
636 3499 744 3584 1481,
763 3493 959 3594 contigisse
984 3493 1120 3569 asserit
1174 3492 1228 3566 At
1251 3515 1357 3590 neq.;
1383 3491 1424 3566 in
1449 3490 1636 3568 Generalis
1661 3491 1821 3594 Capituli
1837 3493 1952 3584 Actis,

404 3619 540 3694 Romae
556 3619 596 3692 in
613 3627 737 3693 nostro
756 3615 949 3693 Ocnuentu
967 3616 1002 3694 S.
1023 3617 1138 3692 Maria
1164 3643 1273 3716 super
1292 3617 1499 3692 Mineruam
1516 3618 1653 3710 ecdem,
1673 3645 1768 3694 anno
1785 3617 1825 3694 in
1844 3617 1953 3694 Festo

403 3745 638 3820 Pentecostes
651 3741 821 3819 celebrati
836 3741 948 3843 (quod
960 3743 1020 3818 die
1037 3769 1073 3820 x.
1089 3743 1186 3844 Innij
1202 3741 1384 3844 contigit),
1398 3743 1521 3844 inquo
1533 3744 1574 3820 in
1583 3743 1795 3819 Generalcm
1807 3743 1954 3820 Ordinis

402 3871 621 3972 Magistrum
638 3895 703 3970 per
715 3893 944 3944 communem
957 3869 1230 3968 inspirationem
1242 3868 1315 3944 fuit
1327 3868 1549 3945 vnanimiter
1561 3869 1697 3944 electus
1713 3869 1753 3946 P.
1767 3867 1807 3944 F.
1822 3868 1953 3944 Saluue

402 3995 550 4072 Oasetta
578 3995 857 4071 Panormitanus
869 4017 879 4082 ς
913 4019 1031 4093 neque
1058 3994 1099 4068 in
1125 3994 1354 4069 antecedenti
1383 3993 1552 4094 Capitulo
1580 3993 1718 4094 Perueij
1747 3995 1816 4070 sub
1843 3995 1884 4071 P.
1909 3993 1950 4072 F.

402 4122 590 4199 Leonardo
607 4121 653 4196 de
669 4120 873 4195 Mansuetis
890 4141 973 4196 ann.
997 4121 1115 4207 14783
1141 4143 1258 4218 neque
1273 4119 1313 4193 in
1329 4119 1642 4220 subsequentibus,
1659 4119 1824 4195 Romano
1844 4126 1951 4198 1484.

402 4247 471 4324 sub
497 4248 539 4324 P.
567 4247 606 4322 F.
635 4245 902 4322 Bartholomaec
929 4243 976 4320 (16
1006 4243 1182 4344 Ocmatijs
1194 4271 1204 4333 3
1238 4243 1380 4320 Veneto
1410 4249 1518 4323 1487.
1547 4247 1615 4348 661)
1638 4247 1678 4322 P.
1708 4247 1747 4323 F.
1781 4247 1953 4323 Icachinc

401 4373 576 4448 Tumianc
588 4399 598 4461 ;
620 4369 762 4470 &apud
775 4369 1022 4446 Oenomanum
1036 4377 1142 4446 1491.
1155 4367 1223 4444 sub
1235 4371 1362 4446 ecdem
1375 4371 1552 4472 Magistro
1564 4371 1742 4464 Generali
1755 4371 1953 4459 celebratis,

478 4625 525 4700 In
552 4625 673 4724 primo
701 4621 742 4700 P.
771 4622 812 4698 F.
841 4617 1021 4697 Leonardi
1046 4621 1092 4698 de
1119 4621 1323 4698 Mansuetis
1352 4622 1551 4722 supradicti
1581 4621 1748 4724 Regem,
1778 4623 1876 4724 quod
1905 4624 1952 4700 ab

403 4749 565 4826 eiusdem
583 4747 770 4849 regiminis
797 4747 1004 4847 primordijs
1029 4743 1170 4846 incipit,
1188 4748 1220 4822 d
1236 4772 1352 4847 vsque
1374 4748 1422 4823 ad
1448 4747 1669 4848 completum
1689 4751 1796 4826 1578.
1814 4771 1953 4826 annum

403 4877 589 4976 sequitur3
617 4871 890 4974 (subsequentia
906 4873 1004 4948 enim
1020 4871 1145 4972 ipsius,
1160 4873 1192 4948 dr
1205 4897 1451 4949 successorum
1467 4899 1582 4974 vsquc
1599 4873 1647 4948 ad
1663 4873 1824 4950 eiusdem
1841 4875 1953 4951 accub

403 5026 541 5078 annum
559 5007 617 5074 91.
634 4995 826 5098 deficiunt)
845 4999 885 5073 in
901 4997 1079 5098 principio
1095 4991 1143 5074 de
1159 4997 1227 5072 hac
1244 5023 1328 5073 cum
1344 4999 1493 5099 reliquis
1510 5009 1600 5075 tunc
1616 5001 1788 5099 temporis
1805 4999 1952 5077 Ordinis

402 5124 678 5224 Prouincijsita
692 5123 1009 5200 mentiohabetur.
1341 5123 1343 5128 ’

463 5323 694 5406 ,annuam
706 5317 904 5376 mamam
917 5323 940 5374 e
955 5317 1141 5375 carneam
1155 5317 1338 5391 Quam».
1353 5320 1521 5377 666666(
1534 5321 1561 5378 s.
1576 5321 1686 5378 cerae
1699 5322 1868 5393 nnana
1881 5341 1952 5382 aaa

401 5419 538 5478 rem.
551 5435 630 5490 cepere
641 5415 679 5472 nd
693 5413 805 5473 unct.
851 5409 1002 5468 1116666166
1014 5410 1032 5468 b
1046 5411 1126 5468 Patra
1139 5411 1288 5469 Vincentio
1309 5412 1398 5469 Maris
1417 5412 1550 5470 Fortuna.
1589 5414 1656 5470 Pers
1674 5415 1799 5471 secunda.
1839 5415 1951 5486 Romae,

401 5511 558 5572 renem
574 5529 620 5585 pp.
639 5510 758 5567 reare.
