5138 6694
671 848 888 915 CHARTERS
910 849 963 914 OF
984 847 1070 914 ΤΗΕ
1090 844 1243 910 ramus
1263 843 1511 910 Passennus
1533 841 1587 907 OF
1607 841 1703 905 Ara
1918 837 1956 902 71

414 1042 550 1120 “Ker's
576 1043 756 1134 annuall,'’
782 1055 848 1120 out
865 1041 907 1118 of
935 1042 1000 1118 the
1032 1039 1138 1116 lands
1172 1038 1213 1114 of
1243 1037 1489 1139 Stobrcdding
1522 1038 1596 1112 and
1628 1035 1821 1126 Lachlane,
1855 1033 1960 1134 lying

411 1170 575 1248 between
591 1172 656 1248 the
672 1171 778 1248 lands
795 1171 836 1246 of
850 1169 1026 1269 Olongall,
1044 1168 1084 1242 in
1100 1167 1163 1242 the
1180 1165 1259 1241 said
1275 1164 1403 1265 burglu
1456 1163 1580 1239 Dated
1599 1162 1689 1238 l3th
1705 1161 1729 1238 J
1730 1162 1795 1261 uly
1815 1165 1921 1234 1503.

468 1485 525 1556 48.
554 1477 700 1572 Sasiae,
718 1478 911 1579 iosaoour
927 1477 973 1576 of
981 1477 1039 1553 tlte
1055 1474 1193 1552 Fetere
1208 1475 1423 1566 Preacleers,
1440 1474 1486 1576 os
1495 1487 1561 1549 two
1578 1471 1845 1561 Aaauolreutc
1862 1496 1910 1548 oa

622 1602 849 1704 resignatrba
866 1604 912 1703 by
932 1599 1086 1679 lborouo
1101 1597 1604 1702 Keonedy.-[1ottMar0t
1623 1596 1751 1700 1505]

490 1805 536 1881 In
552 1805 623 1882 Dei
639 1808 787 1883 nomine
804 1807 946 1884 Amen:
974 1806 1045 1882 Per
1060 1805 1129 1880 hoc
1149 1831 1298 1905 presens
1314 1804 1503 1905 publicum
1519 1805 1805 1878 instrumentum
1821 1801 1962 1878 eunetis

412 1941 538 2030 pateat
550 1931 737 2008 evidenter
753 1931 852 2033 quod
870 1957 965 2007 anno
981 1932 1246 2007 incarnacionis
1263 1931 1444 2006 dominice
1460 1929 1653 2005 millesimo
1670 1926 1962 2028 quingentesimo

413 2059 544 2159 quinto
561 2057 620 2133 die
636 2084 722 2133 vero
739 2058 874 2133 mensis
891 2057 1017 2157 Marcij
1037 2057 1177 2132 decimo
1202 2057 1405 2131 indiccione
1430 2081 1528 2130 nona
1551 2053 1786 2153 pontificatus
1812 2051 1962 2125 sanctis·

414 2184 497 2258 simi
513 2183 553 2258 in
570 2181 715 2258 Christo
731 2183 846 2281 patris
862 2208 906 2258 ac
922 2182 1061 2257 domini
1078 2181 1220 2257 domini
1236 2181 1354 2256 nostri
1366 2180 1390 2255 J
1391 2179 1455 2280 ulij
1476 2179 1604 2254 divina
1620 2177 1854 2279 providencia
1870 2200 1963 2275 pape

413 2309 564 2384 secundi
577 2335 671 2384 anno
688 2309 800 2384 tercio
817 2309 858 2382 in
870 2308 943 2384 mei
959 2308 1091 2383 notarii
1108 2306 1245 2408 publicj
1266 2315 1304 2382 et
1315 2305 1468 2381 testium
1481 2304 1766 2403 subscriptorum
1779 2301 1965 2402 presencia

414 2434 650 2535 personaliter
678 2435 900 2510 constitutus
924 2433 1098 2535 providus
1122 2432 1180 2508 vir
1205 2431 1362 2507 Thomas
1392 2429 1577 2530 Kennedy
1600 2455 1676 2504 non
1702 2429 1742 2504 vi
1771 2438 1836 2504 aut
1864 2437 1965 2502 metu

415 2560 549 2637 ductus
565 2587 632 2636 nec
648 2585 766 2636 errore
781 2559 906 2658 lapsus
930 2583 994 2634 seu
1019 2557 1104 2633 dolo
1129 2557 1398 2634 circumventus
1422 2565 1480 2632 set
1504 2581 1570 2632 sua
1593 2579 1695 2630 mera
1711 2565 1749 2631 et
1765 2563 1967 2654 spontanea

415 2687 605 2763 voluntate
622 2713 645 2762 a
660 2713 699 2762 se
716 2696 754 2764 et
770 2684 964 2761 heredibus
980 2685 1056 2760 suis
1072 2710 1139 2785 per
1162 2683 1299 2759 fustem
1324 2693 1363 2759 ct
1388 2681 1561 2758 baculum
1577 2708 1620 2758 ae
1635 2708 1701 2782 per
1717 2683 1906 2758 denarium
1923 2695 1966 2759 ut

415 2814 526 2889 moris
555 2823 611 2888 est
639 2823 714 2888 tres
744 2811 877 2886 solidos
910 2811 1024 2886 annui
1056 2810 1222 2886 redditus
1257 2809 1448 2885 annuatim
1476 2809 1652 2884 levandos
1681 2809 1727 2886 de
1755 2819 1965 2885 tenemento

416 2937 570 3012 Martini
587 2936 823 3037 M‘Knalryll¹
836 2935 981 3036 jacente
1006 2937 1046 3010 in
1071 2935 1186 3035 burgo
1212 2936 1258 3011 de
1274 2935 1348 3010 Are
1377 2935 1474 3010 inter
1502 2945 1753 3010 tenementum
1779 2933 1964 3034 quondam

415 3062 556 3138 domini
571 3063 700 3139 Jacobi
716 3061 813 3138 Wod
829 3061 1006 3162 capellani
1023 3088 1068 3137 ex
1085 3073 1188 3161 parte
1200 3087 1275 3136 una
1291 3071 1329 3137 et
1345 3071 1595 3138 tenementum
1612 3061 1749 3136 Thome
1765 3061 1966 3159 Dalrimple

417 3211 462 3261 ex
478 3197 582 3287 parte
600 3187 714 3262 altera
729 3187 769 3261 in
786 3187 953 3262 manibus
978 3185 1002 3262 J
1003 3186 1157 3262 ohannis
1173 3185 1357 3262 Wischert
1372 3185 1499 3262 ballivi
1515 3186 1623 3287 burgi
1640 3187 1685 3262 de
1702 3185 1775 3262 Are
1791 3211 1857 3286 pro
1873 3197 1966 3262 tem-

415 3337 502 3410 pore
518 3337 661 3388 sursum
677 3311 838 3388 reddidit
864 3338 1027 3414 pureque
1052 3339 1094 3388 ac
1123 3313 1338 3412 simpliciter
1363 3314 1564 3414 resignavit
1592 3313 1860 3413 imperpetuum
1886 3313 1967 3401 Qua

414 3436 661 3536 resignacione
677 3435 774 3512 facta
790 3447 828 3512 et
845 3437 967 3513 debite
987 3449 1132 3538 recepta
1153 3438 1252 3512 idem
1278 3437 1303 3512 J
1304 3438 1456 3514 ohannis
1473 3438 1655 3514 Wischert
1681 3438 1838 3514 ballivus
1864 3449 1966 3514 ante·

417 3561 537 3636 dietus
550 3571 687 3637 statum
700 3573 738 3638 et
751 3563 909 3638 sasinam
920 3564 1177 3640 hereditariam
1189 3590 1329 3640 necnon
1341 3565 1476 3640 realem
1493 3565 1672 3640 actualem
1690 3575 1728 3640 et
1745 3565 1966 3665 corporalem

415 3687 677 3786 possessionem
693 3688 739 3763 de
755 3689 929 3789 predictis
941 3688 1059 3765 tribus
1075 3689 1200 3765 solidis
1217 3691 1330 3766 annui
1346 3689 1511 3766 redditus
1529 3691 1720 3766 annuatim
1737 3690 1903 3766 levandis
1920 3690 1965 3764 de

416 3813 514 3888 dieto
537 3824 745 3890 tenemento
763 3813 916 3889 Martini
940 3813 1161 3914 M‘Knalryll
1186 3815 1291 3890 fratri
1318 3815 1469 3916 Hugoni
1492 3815 1652 3917 Ramsay
1667 3817 1780 3916 priori
1795 3816 1965 3892 Fratrum

415 3938 690 4014 Predicatorum
726 3937 834 4039 burgi
868 3939 914 4014 de
947 3938 1022 4014 Are
1054 3939 1201 4016 nomine
1235 3941 1353 4016 tocius
1387 3952 1589 4017 conventus
1622 3943 1785 4017 eiusdem
1818 3952 1856 4018 et
1890 3943 1965 4018 suis

415 4065 679 4140 successoribus
703 4089 769 4163 per
792 4063 1030 4140 tradicionem
1056 4064 1193 4165 denarij
1210 4045 1267 4142 ¹ut
1293 4067 1404 4142 moris
1432 4077 1489 4142 est
1518 4068 1671 4144 donavit
1698 4069 1966 4168 imperpetuum

415 4192 516 4268 salvo
537 4192 620 4292 jure
646 4191 839 4266 cuiuslibet
863 4190 1017 4290 Insuper
1040 4191 1139 4266 idem
1164 4191 1322 4266 Thomas
1346 4191 1529 4292 Kennedy
1555 4194 1793 4292 personaliter
1816 4194 1966 4270 accessit

416 4319 463 4394 ad
489 4328 739 4394 tenementum
768 4316 952 4416 quondam
979 4317 1118 4392 domini
1144 4315 1270 4416 Jacobj
1301 4315 1396 4392 Wod
1420 4317 1626 4417 predictum
1647 4319 1772 4418 jacens
1794 4320 1834 4393 in
1849 4318 1966 4419 burgo

414 4444 577 4544 predicto
594 4445 691 4518 inter
715 4453 967 4518 tenementum
985 4443 1139 4543 Gilbertj
1168 4443 1372 4519 M‘Mulane
1389 4470 1434 4519 ex
1451 4455 1554 4543 parte
1571 4471 1645 4520 una
1661 4454 1699 4520 et
1715 4454 1967 4520 tenementum

415 4569 550 4670 prefati
574 4569 727 4643 Martini
752 4567 972 4667 M‘Knakyll
997 4593 1043 4642 ex
1067 4578 1171 4667 perte
1195 4568 1309 4642 altera
1330 4577 1369 4642 et
1384 4567 1433 4667 ibj
1453 4593 1518 4668 per
1533 4569 1669 4645 fustem
1685 4581 1723 4645 et
1738 4570 1908 4646 baculum
1925 4597 1967 4646 ac

417 4695 607 4770 denarium
633 4705 677 4768 ut
705 4695 816 4768 moris
842 4705 898 4768 est
923 4719 1067 4767 sursum
1091 4690 1253 4768 reddidit
1277 4717 1438 4791 pureque
1463 4719 1505 4768 ac
1528 4693 1742 4794 simpliciter
1767 4697 1966 4796 resignavit

417 4822 686 4920 imperpetuum
712 4830 786 4894 tres
813 4818 946 4894 solidos
975 4817 1086 4916 annuj
1118 4817 1283 4892 redditus
1312 4819 1504 4892 annuatim
1533 4819 1706 4895 levandos
1730 4820 1776 4896 de
1803 4823 1966 4920 predicto

417 4956 625 5022 tenemento
642 4944 826 5045 quondam
843 4944 983 5018 domini
998 4943 1024 5018 J
1024 4943 1127 5018 aeobi
1152 4943 1249 5019 Wod
1265 4970 1288 5020 a
1304 4969 1343 5020 se
1360 4954 1398 5020 et
1414 4945 1608 5022 heredibus
1633 4949 1708 5023 suis
1733 4949 1774 5022 in
1799 4949 1966 5024 manibus

418 5073 575 5172 predicti
599 5072 777 5148 Johannis
802 5069 984 5145 Wischert
1009 5069 1137 5144 ballivi
1161 5069 1337 5146 antedicti
1388 5070 1470 5160 Qua
1493 5073 1741 5173 resignacione
1764 5073 1862 5147 facta
1886 5099 1964 5172 pre·

418 5199 515 5274 fatus
540 5198 696 5274 ballivus
721 5206 859 5271 statum
885 5207 922 5271 et
947 5196 1104 5271 casinam
1121 5195 1378 5272 hereditariam
1403 5221 1545 5272 necnon
1570 5197 1703 5273 realem
1728 5197 1908 5273 actualem
1929 5210 1967 5274 et

419 5323 638 5424 corporalem
655 5321 915 5424 possessionem
938 5320 984 5396 de
1002 5322 1110 5396 dictis
1126 5322 1244 5398 tribus
1266 5323 1393 5398 solidis
1417 5324 1607 5399 annuatim
1623 5323 1788 5400 levandis
1805 5322 1851 5398 de
1868 5323 1967 5400 dieto

772 5467 783 5502 ¹
803 5477 953 5536 Described
966 5497 996 5536 as
1009 5497 1144 5537 eruerer
1156 5481 1188 5535 in
1202 5481 1250 5537 the
1264 5481 1324 5538 Obtt
1337 5482 1407 5539 Boot
1420 5483 1451 5554 os
1459 5484 1528 5554 ΔΨ,
1540 5499 1567 5556 p.
1582 5487 1627 5539 tl.
