5142 6684
584 761 625 826 84
841 755 1061 821 cfllnrnns
1083 755 1136 820 OF
1157 753 1243 820 THE
1264 753 1416 819 namus
1437 751 1684 818 PREAOHERS
1705 753 1759 818 OF
1779 753 1875 818 AYR.

586 958 671 1026 alst
682 949 868 1048 February
884 953 1030 1024 1328-9.
1075 944 1139 1044 (2.)
1158 945 1310 1020 Charter
1321 943 1373 1043 by
1384 943 1521 1018 Robert
1539 941 1604 1035 ΙΙ.,
1616 941 1721 1043 King
1737 943 1778 1018 of
1791 942 1905 1037 Scots,
1917 945 2133 1049 confirming

584 1077 737 1153 Charter
760 1076 812 1174 by
828 1074 932 1174 King
956 1072 1092 1148 Robert
1116 1072 1180 1146 the
1205 1070 1330 1160 Bruce,
1346 1070 1521 1170 granting
1544 1078 1584 1144 to
1609 1069 1672 1143 the
1696 1067 1795 1169 prior
1819 1070 1893 1145 and
1918 1083 2076 1148 convent
2095 1073 2138 1148 oi

582 1203 647 1276 the
673 1201 794 1276 Friars
820 1199 1014 1275 Preachers
1041 1198 1082 1273 of
1107 1198 1186 1296 Ayr
1213 1222 1260 1270 an
1286 1197 1445 1294 annuity
1472 1196 1512 1270 of
1534 1201 1613 1272 120
1643 1194 1700 1270 for
1725 1195 1790 1270 the
1818 1197 2068 1274 maintemnce
2097 1200 2138 1274 of

584 1328 680 1403 their
706 1325 839 1402 church
864 1325 939 1400 and
962 1326 1085 1415 house,
1104 1334 1145 1398 to
1167 1323 1213 1398 be
1237 1322 1396 1421 uplifted
1412 1322 1507 1396 from
1531 1321 1594 1396 the
1610 1320 1691 1396 first
1714 1331 1814 1396 rents
1839 1322 1881 1396 of
1901 1323 1964 1398 the
1980 1325 2078 1400 milis
2097 1326 2140 1400 of

583 1454 647 1529 the
672 1453 762 1552 king
783 1451 856 1526 and
880 1451 938 1524 his
954 1449 1073 1550 burgh
1091 1449 1132 1522 of
1145 1448 1232 1546 hyr.
1284 1447 1406 1522 Dated
1426 1457 1466 1522 at
1482 1446 1621 1522 Girvan
1637 1447 1676 1522 in
1701 1447 1838 1540 Oanik,
1858 1449 1925 1524 6th
1950 1448 2136 1549 February

588 1585 749 1666 1328-93
780 1573 977 1650 confirmed
994 1585 1033 1648 at
1056 1573 1136 1672 Ayr
1153 1573 1228 1647 22d
1252 1571 1407 1647 October
1427 1575 1533 1651 1376.
1588 1571 1663 1647 The
1688 1571 1867 1674 principa]
1884 1575 2136 1652 confirmation

584 1705 616 1780 is
633 1703 745 1780 dated
761 1711 801 1778 at
818 1701 944 1793 Saone,
966 1699 1056 1774 12th
1073 1699 1201 1774 March
1222 1704 1368 1774 1390·1.

588 2200 646 2271 23.
679 2191 839 2270 &tarta
865 2189 910 2290 by
934 2187 1053 2287 Hupb
1086 2185 1248 2262 Walloce
1274 2184 1320 2284 <ff
1340 2184 1465 2284 Crapy
1482 2196 1516 2259 to
1534 2183 1590 2258 tlte
1607 2181 1744 2260 Fatua
1759 2183 1965 2262 Praeclara
1981 2187 2026 2286 <ff
2042 2187 2137 2287 Apa,

738 2318 785 2417 of
800 2343 853 2392 aa
869 2313 1041 2413 Aaouitp
1057 2313 1104 2412 <ff
1121 2321 1142 2386 4
1162 2311 1251 2388 bolla
1267 2311 1312 2410 (ff
1329 2309 1540 2402 uticencis,
1559 2336 1603 2385 oa·
1623 2317 1695 2386 13³.
1717 2307 1792 2402 td„
1810 2323 1872 2386 out
1888 2312 1934 2411 <ff
1949 2311 2007 2388 tia
2023 2312 2134 2390 laam

737 2443 783 2542 <ff
794 2437 1067 2542 &app—[Mb
1082 2437 1279 2536 February
1300 2433 1468 2538 1397-8.]

664 2673 842 2752 Omnibus
867 2671 937 2746 hoc
961 2671 1139 2770 scriptum
1155 2670 1288 2744 visuris
1314 2668 1373 2743 vel
1398 2667 1579 2743 audituris
1605 2667 1716 2768 Hugo
1733 2663 1879 2743 Walas¹
1900 2667 2070 2745 dominus
2094 2671 2140 2746 de

588 2802 755 2902 Oragyne
780 2799 936 2874 salutem
956 2798 996 2871 in
1013 2797 1171 2872 Domino
1191 2796 1449 2894 sempiternam
1468 2793 1654 2869 Noveritis
1675 2819 1733 2868 me
1751 2793 1911 2876 caritatis
1933 2795 2073 2870 intuitu
2099 2823 2141 2872 ac

588 2953 653 3028 pro
682 2927 800 3002 salute
816 2924 936 3000 anime
953 2947 1032 2997 mee
1048 2931 1244 3021 parentum
1272 2945 1436 2996 meorum
1453 2945 1699 2995 successorum
1727 2929 1764 2994 et
1782 2921 1946 2995 omnium
1978 2920 2143 2996 fidelium

589 3055 844 3130 defunctorum
869 3050 1012 3126 dedisse
1042 3047 1258 3123 concessisse
1284 3055 1322 3121 et
1350 3047 1418 3121 hoc
1452 3045 1612 3144 presenti
1642 3044 1776 3144 scripto
1806 3069 1888 3119 meo
1917 3071 2071 3144 prome
2105 3056 2144 3122 et

589 3181 780 3257 heredibus
805 3178 896 3252 meis
921 3178 1191 3276 imperpetuum
1207 3173 1437 3248 confirmasse
1454 3172 1533 3246 Deo
1559 3182 1597 3247 et
1621 3172 1728 3247 beate
1752 3171 1930 3245 Katerine
1946 3171 2081 3271 virgini
2106 3181 2144 3246 et

590 3307 758 3384 omnibus
770 3305 905 3380 sanctis
917 3327 1058 3399 necnon
1070 3299 1179 3398 priori
1198 3309 1237 3372 et
1254 3299 1450 3373 conventui
1463 3298 1593 3372 domus
1614 3297 1785 3372 Fratrum
1808 3296 2081 3372 Prcdicatorum
2097 3297 2143 3370 de

589 3435 663 3510 Are
680 3431 817 3508 ibidem
837 3430 917 3506 Deo
935 3439 972 3504 et
997 3429 1102 3504 beate
1130 3424 1307 3499 Katerine
1334 3422 1578 3498 servientibus
1603 3433 1641 3498 et
1661 3424 1930 3522 imperpetuum
1957 3424 2144 3498 servituris

590 3570 746 3662 quatuor
765 3557 880 3632 bellas
903 3555 1019 3629 farine
1038 3553 1119 3628 albe
1145 3575 1342 3626 avenarum
1368 3549 1416 3623 ad
1438 3548 1731 3623 emendacionem
1750 3547 1884 3623 fabrice
1905 3559 1942 3623 et
1965 3559 2143 3623 sustenta

591 3687 732 3761 cionem
749 3682 945 3758 eorundem
963 3679 1154 3755 annuatim
1171 3676 1217 3750 de
1229 3676 1335 3750 terris
1351 3676 1442 3749 meis
1459 3674 1505 3749 de
1519 3674 1672 3775 Oragine
1688 3675 1861 3749 levandas
1873 3671 1933 3748 vel
1946 3699 2011 3773 pro
2029 3675 2143 3774 quali·

590 3811 654 3888 bet
670 3809 769 3885 bolla
785 3808 834 3882 xl.
854 3806 1020 3881 denarios
1036 3830 1179 3879 summa
1198 3801 1324 3877 totalis
1340 3801 1492 3900 pecunie
1509 3800 1703 3876 tresdecim
1721 3800 1916 3875 solidorum
1935 3811 1973 3876 et
1989 3811 2146 3900 quatuor

592 3935 822 4012 denariorum
835 3932 977 4032 argenti
990 3928 1037 4004 ad
1054 3930 1189 4005 festum
1202 3929 1307 4004 beate
1320 3926 1497 4002 Katenine
1509 3927 1663 4027 virginis
1676 3927 1768 4001 dicti
1781 3936 1982 4002 conventus
1991 3937 2144 4026 patrone

593 4063 671 4138 sine
687 4059 852 4134 ulteriori
869 4057 1046 4132 dilacione
1064 4055 1279 4154 excepcione
1295 4051 1573 4153 prolongacione
1596 4052 1832 4126 renovacione
1858 4051 2145 4152 quibuscumque

593 4186 786 4264 annuatim
810 4194 855 4259 ut
877 4183 1077 4284 predicitur
1093 4181 1266 4280 predictis
1282 4178 1394 4278 priori
1417 4189 1456 4252 et
1479 4179 1676 4253 conventui
1697 4177 1871 4252 solvenda
1896 4176 2084 4253 Tenendas
2108 4189 2146 4254 et

593 4311 777 4387 habendas
797 4309 978 4409 predictas
995 4317 1153 4407 quatuor
1168 4305 1284 4380 bellas
1302 4305 1417 4379 farine
1434 4304 1515 4378 albe
1531 4303 1591 4378 vel
1611 4303 1812 4379 defficiente
1832 4303 1949 4378 farina
1964 4329 2146 4379 summam

593 4437 794 4537 predictam
811 4433 919 4508 dictis
938 4433 1050 4533 priori
1067 4444 1105 4506 et
1126 4431 1324 4506 conventui
1339 4431 1379 4504 in
1398 4454 1528 4529 puram
1553 4439 1591 4503 et
1610 4439 1825 4529 perpetuam
1850 4427 2083 4504 elemosinam
2099 4431 2146 4504 de

595 4589 654 4638 me
671 4573 709 4636 et
725 4559 918 4635 heredibus
934 4559 1024 4634 meis
1041 4559 1120 4634 sine
1137 4556 1428 4632 contradiccione
1444 4555 1593 4654 aliquali
1636 4554 1696 4628 Ita
1711 4554 1823 4629 libere
1840 4554 1965 4654 quiete
1986 4555 2146 4654 plenarie

595 4691 687 4766 bene
704 4686 798 4762 etin
818 4710 906 4784 pace
923 4684 1017 4758 sicut
1037 4683 1160 4781 aliqua
1177 4681 1372 4757 elemosina
1392 4680 1501 4754 alicui
1521 4680 1718 4754 conventui
1735 4679 1795 4754 vel
1812 4679 1989 4779 religiosis
2006 4680 2045 4753 in
2065 4691 2145 4755 toto

595 4839 706 4916 regno
740 4812 862 4888 Scocie
892 4809 1000 4885 datur
1033 4809 1110 4883 sive
1144 4807 1355 4883 conceditur
1388 4833 1410 4881 a
1443 4830 1660 4905 quocunque
1702 4805 1883 4880 Faciendo
1916 4830 1983 4904 pro
2016 4831 2075 4880 me
2109 4818 2147 4882 et

595 4938 787 5018 heredibus
820 4937 911 5011 meis
945 4933 1130 5034 predictus
1163 4933 1262 5033 prior
1294 4942 1332 5006 et
1365 4942 1568 5006 conventus
1601 4930 1666 5030 qui
1698 4957 1763 5030 pro
1805 4941 1967 5030 tempore
2008 4931 2147 5008 fuerint

598 5063 883 5144 anniversarium
909 5060 1104 5135 dumtaxat
1130 5083 1214 5133 cum
1240 5057 1347 5156 pleno
1365 5057 1517 5132 servicio
1535 5057 1634 5131 chori
1650 5065 1826 5156 tanquam
1852 5083 1918 5157 pro
1935 5058 1993 5132 sui
2009 5059 2146 5135 ordinis

597 5191 776 5268 nonhabe
804 5185 964 5287 professo
989 5195 1033 5260 ut
1064 5193 1121 5258 est
1148 5184 1258 5258 moris
1291 5208 1334 5257 ac
1359 5183 1482 5258 literas
1510 5183 1816 5257 confraternitatis
1846 5183 1886 5258 in
1919 5182 2035 5258 forma
2064 5211 2146 5260 cum

689 5405 701 5442 ι
715 5397 784 5454 'Ibis
798 5393 885 5469 Hugh
897 5389 1018 5449 Wallaca
1031 5389 1095 5446 does
1108 5392 1157 5444 not
1170 5403 1271 5460 appear
1282 5385 1314 5442 in
1327 5384 1376 5442 tha
1389 5385 1519 5460 ordinary
1531 5384 1700 5460 genealogies
1713 5385 1744 5442 of
1754 5385 1802 5443 the
1816 5385 1923 5460 Oraigie
1936 5387 2052 5462 Family.
