5138 6694
608 787 650 845 82
867 783 1907 850 cflfflmnsormrmansrsnscmsorarn

607 972 793 1047 Andrsam
809 973 937 1048 Iathis
953 975 1091 1050 ordinis
1104 975 1274 1050 Fratrum
1287 977 1561 1052 Predieaturum
1577 977 1645 1051 filii
1660 992 1699 1050 et
1715 975 1860 1050 heredis
1875 975 2063 1075 quondam
2078 975 2160 1050 Ado

607 1099 738 1174 Lathis
762 1114 902 1174 statum
926 1115 964 1175 et
988 1103 1147 1176 casinam
1171 1103 1428 1177 hereditariam
1451 1128 1594 1177 necnon
1617 1102 1798 1177 actualem
1829 1102 2095 1201 possesionem
2123 1113 2162 1176 et

608 1226 830 1324 corporalem
846 1227 892 1301 de
910 1227 1037 1301 boriali
1063 1244 1166 1326 parte
1188 1229 1280 1302 dieti
1305 1231 1505 1303 tenementi
1522 1255 1606 1302 cum
1630 1229 1822 1326 posteriori
1844 1239 1950 1327 parte
1972 1226 2163 1326 61116666-

608 1365 714 1425 tante
729 1351 829 1426 dicto
845 1353 951 1424 fratri
967 1352 1114 1427 Andree
1134 1353 1216 1450 jure
1233 1354 1452 1428 hereditario
1468 1381 1533 1453 per
1548 1367 1644 1428 terre
1660 1367 1697 1428 et
1713 1354 1846 1452 lapidis
1861 1353 2101 1428 tradicionem
2116 1363 2162 1426 ut

608 1479 720 1550 moris
737 1489 792 1550 cst
805 1478 956 1552 donavit
969 1479 1237 1576 imperpetuum
1250 1480 1352 1552 salvo
1364 1480 1448 1577 jure
1465 1479 1658 1552 cuiuslibet
1675 1478 1748 1566 Qui
1763 1505 1851 1552 vern
1867 1479 1980 1552 frater
1995 1477 2162 1552 Andrm

608 1628 683 1676 non
699 1603 740 1675 vi
765 1613 831 1676 aut
857 1620 957 1676 metu
983 1604 1116 1676 duetus
1141 1629 1207 1677 nec
1225 1631 1343 1677 errore
1368 1604 1491 1702 lapsus
1516 1631 1580 1677 seu
1605 1604 1691 1677 dolo
1715 1606 1985 1678 circumventus
2003 1602 2070 1678 sed
2093 1628 2162 1678 666

607 1753 708 1802 mera
724 1741 762 1802 et
778 1742 979 1826 spontanea
996 1729 1188 1803 voluntate
1205 1755 1271 1827 per
1286 1730 1421 1802 1661616
1439 1743 1478 1802 61
1503 1729 1675 1803 baculum
1698 1755 1842 1802 sursum
1866 1729 2028 1804 reddidit
2051 1753 2161 1828 pure·

607 1879 679 1952 que
712 1880 755 1928 66
788 1854 1002 1951 simpliciter
1034 1855 1233 1953 resignavit
1266 1855 1306 1926 in
1330 1855 1500 1928 manibus
1533 1855 1710 1929 antedicti
1744 1855 1871 1928 ballivi
1904 1865 2023 1928 totam
2054 1879 2161 1928 suam

607 1979 780 2053 borialem
816 1998 959 2078 partem
988 1981 1080 2054 dicti
1113 2008 1197 2055 cnm
1229 1995 1333 2080 parte
1366 1985 1557 2081 posteriori
1598 1984 1668 2056 sibi
1700 1997 1888 2081 spectante
1929 1983 2161 2082 Quaquidem

605 2107 852 2203 resignacione
884 2107 937 2179 616
971 2106 1068 2180 16616
1110 2119 1149 2181 61
1183 2121 1328 2206 recepta
1365 2109 1530 2206 prelatus
1562 2108 1721 2181 ballivus
1757 2121 1896 2182 statum
1929 2121 1967 2182 et
2000 2107 2161 2182 66616661

606 2231 864 2305 hereditariam
885 2257 1029 2306 necnon
1045 2232 1226 2306 actualem
1250 2234 1512 2329 possesionem
1529 2245 1567 2306 et
1592 2232 1813 2330 corporalem
1838 2231 2039 2306 venerabili
2061 2231 2162 2330 petri

606 2357 713 2432 fratri
727 2357 753 2431 J
753 2357 865 2431 66616
881 2357 990 2458 Yong
1005 2359 1117 2456 priori
1138 2358 1209 2431 loci
1226 2371 1264 2431 ct
1279 2369 1483 2432 conventus
1500 2358 1672 2432 Fratrum
1691 2357 1966 2431 Predioctomm
1989 2357 2097 2458 burgi
2113 2355 2161 2433 de

605 2485 675 2556 Air
706 2484 854 2557 nomine
888 2495 925 2555 et
951 2483 1168 2556 auctoritate
1192 2481 1264 2556 Dei
1288 2483 1549 2580 omnipotentis
1578 2495 1616 2556 et
1642 2482 1796 2581 gloriose
1820 2484 1974 2583 virginis
2002 2483 2162 2559 Katrine

605 2621 759 2710 patrone
776 2609 867 2683 dicti
887 2609 958 2682 1661
982 2623 1184 2683 conventus
1201 2621 1240 2684 61
1264 2636 1509 2684 successorum
1534 2609 1731 2683 eorundem
1748 2608 1793 2681 de
1810 2620 1889 2681 tota
1905 2609 2007 2683 dicta
2029 2608 2161 2684 boriali

605 2747 711 2834 parte
728 2735 818 2809 dicti
835 2736 1037 2810 tenementi
1053 2761 1137 2808 cnm
1152 2735 1343 2832 posteriori
1358 2747 1462 2833 parte
1479 2735 1550 2807 sibi
1565 2745 1753 2832 spectante
1769 2759 1836 2830 per
1851 2746 1946 2807 terre
1962 2745 2000 2808 et
2024 2733 2161 2833 lapidis

604 2859 842 2934 traditionem
864 2871 908 2932 ut
932 2860 1043 2932 moris
1065 2871 1121 2932 est
1137 2859 1290 2932 donavit
1305 2859 1575 2957 imperpetuum
1599 2859 1702 2932 salvo
1722 2859 1805 2956 jure
1830 2859 2023 2932 cuiuslibet
2042 2858 2161 2958 Super

605 2985 740 3086 quibus
755 3011 843 3059 vero
863 2984 1033 3058 omnibus
1049 2995 1087 3057 et
1112 2984 1266 3083 singulis
1282 2985 1336 3058 sic
1359 2985 1545 3082 premissis
1569 2986 1681 3083 peciit
1705 2984 1870 3083 prefatus
1893 2998 1999 3084 pater
2022 2987 2160 3084 priora

605 3137 665 3186 me
685 3112 827 3186 notario
851 3110 999 3208 publico
1016 3109 1220 3206 subscripto
1236 3136 1351 3183 unum
1368 3123 1433 3183 661
1450 3110 1556 3208 plura
1571 3110 1761 3208 publicum
1777 3135 1842 3185 sen
1858 3111 2006 3209 publica
2021 3111 2158 3186 instru-

604 3249 771 3312 mentum
787 3237 848 3311 vel
872 3237 1116 3310 instrumenta
1139 3235 1208 3308 sibi
1226 3235 1305 3308 fieri
1346 3237 1442 3308 Acta
1462 3247 1564 3308 erant
1590 3235 1656 3308 hec
1681 3261 1791 3334 super
1806 3236 1925 3310 solum
1948 3235 2042 3310 dicti
2056 3247 2160 3311 tene-

604 3365 722 3438 menti
746 3363 836 3437 hora
860 3363 973 3436 tercio
996 3371 1081 3458 post
1096 3359 1285 3433 meridiem
1301 3361 1362 3433 vel
1378 3362 1530 3434 6661666
1549 3387 1645 3434 anno
1661 3386 1785 3435 mense
1810 3361 1870 3435 die
1894 3361 2095 3435 indictione
2120 3371 2160 3435 61

604 3489 823 3588 pontificatu
856 3487 989 3586 quibus
1027 3512 1138 3584 supra
1172 3485 1402 3583 presentibus
1435 3485 1573 3558 ibidem
1606 3486 1879 3560 honorabilibus
1914 3488 2003 3560 viris
2036 3486 2159 3560 Adam

604 3615 742 3689 Walles
777 3613 824 3688 de
852 3613 1057 3687 Nevtoune
1092 3611 1276 3709 preposito
1300 3609 1391 3682 dicti
1419 3608 1526 3708 burgi
1554 3635 1621 3708 pro
1653 3623 1818 3709 tempore
1850 3611 2020 3685 Johanne
2053 3611 2160 3710 lang

604 3739 629 3813 J
631 3739 772 3812 ohanne
800 3737 1037 3812 Fullartonne
1064 3734 1203 3808 'lhoma
1218 3734 1421 3808 Thomsone
1446 3733 1586 3807 Thoma
1601 3733 1706 3834 lang
1727 3736 2037 3836 conburgensibus
2065 3735 2160 3809 dicti

604 3863 713 3962 burgi
739 3875 778 3936 61
803 3861 951 3934 domino
976 3859 1161 3934 Willelmo
1190 3861 1283 3934 Reid
1307 3860 1495 3958 capellano
1519 3887 1561 3933 66
1586 3864 1729 3935 notario
1753 3863 1900 3961 publico
1928 3861 2085 3938 testibus
2109 3861 2159 3937 ad

604 3989 781 4088 premissa
796 3987 936 4062 voeatis
952 3987 1089 4084 pariter
1104 3998 1142 4059 et
1158 3987 1304 4085 rogatis

681 4138 732 4213 Et
765 4163 832 4237 ego
860 4163 949 4210 vero
977 4135 1163 4209 Johannes
1196 4134 1282 4208 Fair
1310 4134 1503 4232 presbyter
1535 4133 1770 4234 Glaeguensis
1803 4136 1956 4211 diocesis
1988 4135 2158 4236 publicus

756 4261 957 4362 apostolico
972 4272 1012 4336 et
1026 4261 1127 4361 regia
1142 4259 1421 4335 auctoritatibus
1437 4259 1601 4334 notarius
1617 4271 1685 4336 etc.

1275 4549 1481 4624 Ansrnser.

681 4743 911 4819 Instrumcnt
928 4739 970 4814 61
984 4739 1110 4815 Sasine
1125 4737 1344 4837 proeeeding
1360 4763 1408 4810 on
1423 4734 1649 4834 resignation
1667 4732 1720 4830 by
1734 4733 1824 4809 frier
1839 4735 2000 4812 Andrev
2016 4735 2158 4832 161116,

606 4895 673 4946 666
690 4867 764 4943 and
779 4867 859 4942 heir
874 4866 916 4940 61
936 4866 1002 4938 116
1022 4863 1196 4938 deceased
1212 4863 1333 4937 Adam
1349 4861 1488 4950 Lathis,
1507 4859 1549 4932 61
1566 4885 1590 4932 6
1613 4870 1799 4934 16666661
1821 4861 1862 4935 16
1886 4862 1951 4938 116
1975 4863 2096 4963 burgh
2121 4863 2164 4940 61

605 4997 696 5094 hyr,
713 4995 754 5068 in
768 4992 833 5068 116
849 4990 1062 5090 Woodgate,
1078 4988 1242 5062 between
1258 4987 1322 5060 the
1338 4996 1526 5058 tenement
1542 4983 1584 5056 of
1600 4982 1666 5057 the
1682 4983 1856 5059 deceased
1874 4987 2015 5062 Martia
2031 4988 2160 5086 Bayne

605 5149 655 5199 on
679 5121 744 5195 the
768 5117 878 5195 south
907 5115 982 5190 and
1011 5113 1094 5187 that
1122 5112 1164 5186 61
1189 5111 1345 5184 Thomas
1369 5109 1394 5182 J
1396 5109 1464 5183 elle
1492 5135 1541 5182 on
1569 5108 1633 5183 the
1661 5109 1781 5200 north,
1811 5111 1852 5183 in
1876 5111 2008 5187 favour
2030 5113 2160 5190 61116

604 5259 766 5324 convent
782 5244 901 5320 61116
918 5240 1040 5314 Friars
1056 5235 1252 5312 Preachers
1267 5233 1310 5308 61
1325 5235 1415 5332 Ayr,
1433 5260 1481 5308 on
1497 5231 1619 5307 whose
1642 5233 1770 5308 161611
1790 5235 1888 5310 their
1911 5237 2011 5336 prior
2033 5235 2161 5314 Jamee

604 5372 741 5472 Young
756 5365 919 5446 received
936 5365 1056 5440 666166
1076 5360 1226 5436 1166661
1276 5357 1397 5434 Dated
1413 5358 1502 5434 1011
1517 5357 1608 5456 May
1628 5366 1734 5435 1518.
