5138 6694
566 819 607 880 46
823 813 1043 880 OHARTERS
1065 812 1118 878 OF
1139 813 1225 876 THE
1246 811 1398 878 ramus
1418 811 1665 876 PREAOHERS
1687 811 1740 875 OF
1760 811 1856 874 AYR.

566 1006 762 1082 conventui
776 1005 905 1080 domus
917 1003 1087 1078 Fratrum
1101 1001 1371 1076 Predicatorum
1385 1001 1431 1076 de
1444 1000 1515 1076 Are
1528 999 1665 1075 ibidem
1675 999 1754 1074 Deo
1766 1009 1805 1075 et
1818 999 1921 1076 beate
1939 1001 2115 1077 Katcrine

567 1130 807 1207 servientibus
824 1141 862 1205 et
883 1129 1152 1228 imperpetuum
1170 1126 1358 1201 servituris
1375 1136 1533 1224 quatuor
1547 1125 1663 1200 bollas
1688 1125 1804 1201 farine
1820 1126 1900 1202 albe
1917 1152 2116 1203 avenarum

568 1257 616 1331 ad
642 1255 933 1332 emendacionem
958 1253 1092 1328 fabrice
1112 1262 1151 1326 et
1177 1251 1481 1326 sustentacionem
1507 1250 1704 1326 eorundem
1730 1253 1919 1327 annuatim
1940 1253 1986 1329 de
2010 1255 2116 1328 terris

569 1383 660 1456 meis
676 1381 723 1454 de
741 1380 894 1480 Oraginc
910 1377 1083 1452 levandas
1100 1377 1160 1450 vel
1185 1402 1251 1475 pro
1269 1376 1432 1476 qualibet
1457 1376 1554 1450 bolla
1578 1376 1618 1450 xl
1635 1377 1801 1452 denarios
1827 1404 1969 1453 summa
1993 1380 2119 1454 totalis

570 1507 722 1605 pecunie
735 1503 926 1580 tresdecim
939 1503 1071 1578 solidos
1089 1513 1127 1577 et
1143 1513 1301 1602 quatuor
1313 1502 1479 1576 denarios
1497 1503 1639 1602 argenti
1656 1502 1704 1578 ad
1716 1502 1851 1578 festum
1863 1504 1969 1580 beate
1986 1503 2118 1580 Kater·

571 1633 631 1706 ine
648 1631 800 1731 virginis
821 1630 912 1705 dieti
929 1639 1129 1704 conventus
1147 1638 1299 1727 patrone
1317 1629 1394 1703 sine
1411 1627 1573 1704 ulteriori
1598 1629 1774 1704 dilacione
1800 1631 2012 1728 excepcione
2036 1656 2119 1730 pro-

571 1756 783 1856 longacione
821 1755 1059 1830 renovacione
1096 1753 1373 1854 quibuscunque
1406 1755 1596 1830 annuatim
1630 1764 1673 1829 ut
1709 1755 1910 1854 predicitur
1945 1756 2120 1854 predictis

572 1883 684 1982 priori
701 1893 738 1956 et
751 1882 948 1956 conventui
966 1880 1159 1955 solvendos
1176 1880 1364 1956 Tenendas
1382 1889 1419 1956 et
1435 1880 1620 1956 habendas
1635 1881 1817 1980 predictas
1834 1891 1990 1981 quatuor
2005 1881 2121 1958 bellas

571 2009 688 2084 farine
714 2007 794 2082 albe
818 2007 878 2082 vel
904 2006 1106 2082 defficiente
1131 2007 1249 2081 farina
1273 2032 1452 2081 summam
1477 2007 1678 2106 predictam
1705 2004 1813 2082 dictis
1838 2007 1950 2105 priori
1975 2017 2013 2082 et
2038 2034 2121 2083 con·

572 2134 701 2210 ventui
723 2133 909 2232 impuram
934 2143 972 2208 et
996 2141 1210 2232 perpetuam
1237 2132 1468 2207 elemosinam
1494 2131 1540 2206 de
1565 2157 1624 2207 me
1650 2142 1688 2206 et
1712 2131 1904 2207 heredibus
1929 2133 2019 2208 meis
2045 2134 2123 2209 sine

573 2258 861 2336 contradiccione
879 2259 1027 2358 aliquali
1044 2259 1097 2332 ita
1117 2259 1229 2332 libere
1246 2259 1369 2356 quiete
1386 2258 1545 2358 plenarie
1562 2256 1653 2332 bene
1671 2257 1764 2332 etin
1784 2282 1873 2356 pace
1889 2258 1985 2332 sicut
2001 2258 2124 2358 aliqua

573 2386 769 2462 elemosina
801 2383 910 2459 alicui
935 2384 1132 2458 conventui
1157 2384 1217 2458 vel
1249 2384 1426 2484 religiosis
1451 2383 1491 2457 in
1515 2393 1593 2458 toto
1617 2409 1729 2484 regno
1755 2383 1879 2460 Scoeie
1903 2384 2012 2460 datur
2046 2386 2123 2460 sive

574 2510 785 2588 conceditur
801 2536 823 2586 a
839 2535 1055 2610 quocunque
1074 2508 1255 2584 Faciendo
1275 2534 1341 2608 pro
1367 2534 1426 2584 me
1443 2519 1481 2584 et
1497 2509 1691 2585 heredibus
1707 2509 1798 2584 meis
1823 2510 2009 2609 predictus
2025 2511 2123 2609 prior

574 2648 613 2714 et
631 2645 832 2712 conventus
849 2635 914 2735 qui
938 2661 1004 2736 pro
1029 2623 1192 2735 tempore
1217 2634 1354 2709 fuerint
1382 2633 1669 2708 anniversarium
1695 2633 1890 2710 dumtaxat
1908 2661 1992 2710 cum
2015 2635 2125 2734 pleno

574 2763 726 2838 servicio
751 2760 852 2836 chori
876 2771 1053 2860 tanquam
1078 2787 1145 2860 pro
1171 2761 1229 2835 sui
1254 2759 1391 2834 ordinis
1417 2759 1597 2835 confratre
1622 2759 1783 2858 professo
1808 2770 1852 2834 ut
1869 2770 1925 2834 est
1950 2761 2061 2836 moris
2083 2788 2124 2838 ae

575 2889 699 2964 literas
716 2886 1023 2962 confraternitatis
1047 2887 1088 2960 in
1112 2885 1230 2962 forma
1255 2911 1338 2960 cum
1357 2884 1713 2960 recommendatione
1738 2885 1890 2984 capituli
1910 2887 1967 2962 sui
1987 2887 2125 2964 ordinis

574 3014 752 3115 generalis
769 3013 975 3112 ubicunque
991 3013 1087 3088 infra
1103 3037 1257 3114 regnum
1275 3010 1398 3087 Scocie
1411 3010 1582 3087 celebrati
1625 3010 1671 3085 In
1688 3011 1790 3086 cuius
1806 3012 1859 3086 rci
1875 3013 2126 3090 testimonium

575 3139 736 3240 sigillum
749 3165 872 3213 meum
884 3139 1045 3236 presenti
1058 3138 1191 3236 scripto
1204 3163 1285 3211 meo
1296 3147 1352 3211 est
1365 3162 1566 3235 appensum
1605 3135 1745 3210 Datum
1759 3137 1857 3235 apud
1871 3137 1943 3212 Are
1957 3163 2053 3214 nono
2066 3139 2126 3215 die

575 3267 710 3340 mensis
735 3264 922 3340 Februarii
938 3289 1034 3340 enno
1060 3263 1210 3338 Domini
1233 3263 1426 3338 millesimo
1449 3263 1695 3338 tricentesimo
1712 3265 1946 3364 nonogesimo
1972 3265 2127 3363 septimo

576 3391 844 3491 Quamquidem
862 3401 999 3465 cartam
1017 3391 1069 3465 eis
1085 3389 1221 3464 factam
1246 3388 1413 3463 omnibus
1438 3389 1586 3487 punctis
1608 3388 1683 3462 suis
1709 3388 1995 3464 circumstanciis
2011 3390 2128 3466 forma

577 3519 713 3620 pariter
738 3528 776 3592 et
793 3517 924 3592 effectu
949 3517 989 3590 in
1006 3515 1174 3590 omnibus
1200 3523 1237 3590 et
1262 3513 1466 3612 peremnia
1483 3523 1527 3587 ut
1548 3513 1588 3586 in
1613 3513 1693 3611 ipsa
1710 3524 1809 3588 carta
1826 3517 2036 3590 continetur
2060 3541 2127 3616 ego

577 3643 783 3719 Willelmus
799 3643 943 3717 Walase
969 3642 1176 3716 antedictus
1195 3639 1357 3740 approbo
1382 3639 1521 3714 ratifico
1539 3649 1577 3713 et
1599 3663 1665 3736 pro
1690 3663 1750 3713 me
1775 3649 1813 3713 et
1828 3639 2020 3716 heredibus
2037 3642 2127 3715 meis

577 3771 834 3868 inpe1petuum
852 3767 1024 3842 confirmo
1048 3768 1101 3841 ita
1117 3766 1216 3866 quod
1233 3765 1355 3841 dictus
1371 3765 1470 3864 prior
1487 3773 1689 3838 conventus
1706 3773 1745 3838 ct
1762 3789 1886 3839 eorum
1907 3791 2128 3840 successores

578 3897 642 3996 qui
658 3921 725 3994 pro
741 3903 903 3992 tempore
926 3891 1064 3968 fuerint
1088 3891 1213 3966 dicant
1230 3900 1267 3966 et
1293 3901 1398 3966 orent
1413 3916 1479 3990 pro
1496 3915 1555 3965 mc
1572 3890 1612 3964 in
1637 3889 1882 3964 anniversario
1899 3890 1990 3965 dicti
2006 3890 2128 3966 fratris

578 4022 651 4096 mei
676 4017 1056 4094 commemoracionem
1082 4028 1120 4092 et
1145 4017 1332 4092 collectam
1357 4015 1550 4116 specialem
1600 4015 1647 4090 In
1672 4016 1774 4090 cuius
1798 4015 1852 4090 rei
1876 4016 2129 4092 testimonium

579 4147 740 4250 sigillum
774 4169 897 4218 meum
930 4142 1158 4243 presentibus
1192 4152 1248 4218 est
1281 4167 1484 4242 appensum
1518 4140 1616 4240 apud
1651 4140 1796 4240 Oragyn
1829 4139 1989 4216 infesto
2023 4141 2129 4218 beate

581 4273 757 4350 Katerine
772 4269 925 4370 virginis
942 4294 1037 4344 anno
1051 4268 1199 4344 Domini
1215 4268 1406 4344 millesimo
1424 4281 1545 4344 ccccmo
1563 4291 1659 4342 nono
1676 4266 1825 4343 decimo.

1256 4503 1461 4581 Ammon

659 4689 811 4765 Charter
827 4685 868 4761 of
891 4683 1145 4761 confirmation
1170 4683 1222 4783 by
1248 4682 1411 4758 William
1437 4681 1607 4770 wallace,
1626 4680 1705 4756 lord
1733 4681 1775 4757 of
1801 4682 1929 4784 Oragy,
1955 4683 2134 4786 ratilying

584 4817 725 4892 charter
749 4813 801 4910 by
816 4811 875 4885 his
900 4809 1074 4885 deceased
1099 4808 1247 4884 brother
1274 4805 1333 4884 Sir
1357 4807 1472 4907 Hugh
1497 4805 1657 4881 Wallaee
1683 4807 1725 4882 of
1746 4808 1879 4910 Oragy,
1897 4812 2069 4913 granting
2093 4823 2134 4887 to

585 4943 649 5019 the
673 4939 771 5039 prior
787 4936 861 5012 and
886 4933 1101 5010 conventos
1122 4933 1242 5008 Friars
1265 4933 1460 5007 Preachers
1478 4931 1519 5006 of
1540 4931 1620 5030 Ayr
1643 4931 1726 5008 four
1748 4934 1841 5010 bolls
1858 4935 1900 5010 of
1920 4936 2032 5012 white
2058 4949 2135 5012 cat-

586 5068 681 5146 meal
706 5065 832 5166 yearly
861 5061 955 5137 from
971 5061 1035 5136 the
1061 5059 1167 5134 lands
1192 5059 1233 5134 of
1264 5058 1393 5158 Oragy,
1412 5059 1469 5132 for
1493 5058 1558 5134 the
1581 5060 1699 5157 repair
1720 5061 1761 5136 of
1784 5061 1847 5136 the
1872 5061 1986 5138 fabric
2011 5064 2053 5138 of
2074 5065 2139 5141 the

587 5202 746 5272 convent
770 5189 844 5266 and
867 5189 932 5263 the
957 5197 1170 5262 sustenanee
1193 5184 1234 5258 of
1255 5184 1320 5259 the
1340 5183 1456 5274 hiars,
1475 5209 1527 5275 or,
1544 5183 1675 5285 failing
1697 5186 1761 5261 the
1777 5188 1883 5279 moal,
1901 5188 1966 5262 the
1990 5213 2072 5264 sum
2097 5191 2139 5265 of

587 5327 688 5422 forty
703 5345 817 5421 penca
832 5317 890 5394 for
906 5315 993 5392 each
1010 5315 1094 5404 boll,
1110 5313 1175 5387 the
1191 5337 1272 5387 sum
1289 5312 1382 5386 total
1403 5311 1514 5411 being
1533 5319 1607 5387 13s.
1628 5311 1701 5402 dd,
1728 5313 1882 5412 payable
1898 5323 1938 5388 at
1954 5312 2017 5390 the
2041 5315 2136 5391 feast

590 5451 631 5528 ol
645 5449 697 5526 St.
717 5445 919 5523 Katherine
936 5442 1000 5518 the
1016 5441 1147 5542 virgin,
1158 5449 1346 5539 patroness
1363 5436 1404 5513 of
1416 5435 1479 5512 the
1496 5435 1575 5512 said
1592 5448 1757 5529 convent,
1770 5439 1809 5513 in
1828 5439 2015 5538 perpetual
2032 5440 2134 5534 alrns,
