5138 6694
553 821 594 882 70
806 813 1027 880 chenruus
1049 813 1102 878 OF
1124 813 1210 878 rfflt
1231 813 1385 878 ramas
1405 813 1654 880 remanare
1675 815 1728 881 OF
1749 817 1846 881 AYR

554 1003 600 1079 de
618 1003 690 1078 Are
705 1003 807 1102 prius
824 1002 921 1078 faeta
937 1001 1088 1077 accessit
1104 1000 1342 1100 personaliter
1358 999 1406 1075 od
1421 1011 1538 1077 terras
1563 999 1783 1102 subscriptas
1799 1003 1918 1102 primo
1933 1003 2104 1080 videlicet

554 1129 604 1206 ad
619 1140 732 1205 terras
750 1129 796 1204 de
812 1127 1072 1203 Kerrisholmis
1089 1126 1248 1200 seeundo
1275 1125 1323 1200 ad
1340 1135 1453 1200 terras
1470 1137 1698 1225 nuncupatas
1715 1127 1930 1203 Kerrisland
1943 1129 2106 1228 jacentes

555 1257 653 1331 inter
668 1266 782 1329 terras
803 1253 849 1328 ds
865 1253 1029 1353 Dupholl
1045 1253 1086 1326 in
1103 1251 1285 1326 territorio
1303 1251 1409 1352 burgi
1425 1253 1582 1350 predicti
1599 1264 1636 1328 et
1652 1253 1787 1328 ibidem
1804 1254 1901 1329 idem
1919 1256 2105 1354 predictus

555 1382 714 1458 ballivus
730 1379 879 1454 divisim
897 1403 1005 1478 super
1021 1379 1140 1452 solum
1157 1377 1350 1452 cuiuslibet
1366 1377 1613 1476 predictarum
1635 1389 1814 1454 terrarum
1839 1406 1904 1479 per
1920 1391 2014 1457 terre
2030 1377 2103 1482 [et]

555 1505 688 1606 lapidis
711 1504 947 1579 donacionem
970 1515 1111 1579 statum
1128 1503 1230 1579 dedit
1247 1504 1508 1578 hereditarium
1532 1531 1573 1580 ae
1595 1505 1754 1580 sasinam
1776 1507 1894 1582 tocius
1913 1517 1951 1582 et
1966 1508 2106 1608 integre

556 1631 667 1708 tercie
684 1631 800 1729 partis
825 1630 922 1705 dicte
948 1630 1102 1730 Agnetis
1127 1629 1373 1728 predictarum
1399 1640 1579 1705 terrarum
1604 1631 1804 1706 secundum
1828 1632 1982 1708 formam
2008 1633 2106 1709 dicte

557 1756 812 1858 resignacionis
828 1756 1029 1831 venerabili
1045 1756 1085 1830 in
1102 1755 1247 1830 Christo
1264 1756 1362 1853 patri
1378 1755 1484 1829 fratri
1507 1755 1670 1830 dohanni
1695 1755 1873 1833 Schanlris
1897 1759 2011 1858 priori
2034 1760 2106 1834 loci

557 1911 599 1962 ac
624 1893 825 1958 conventus
850 1881 1022 1956 Fratrum
1047 1881 1320 1956 Predicatorum
1346 1881 1392 1956 de
1416 1879 1491 1955 Are
1518 1892 1556 1956 et
1580 1883 1656 1956 suis
1680 1883 1944 1958 successoribus
1968 1909 2108 1958 necnon

555 2009 690 2086 realem
732 2018 770 2083 et
812 2007 1035 2106 corporalem
1068 2007 1330 2105 possessionem
1370 2006 1527 2081 tenende
1562 2017 1601 2082 et
1634 2001 1851 2107 possidenda
1885 2009 1987 2084 salvo
2025 2009 2108 2108 jure

557 2135 751 2212 cuiuslibet
780 2134 1051 2232 imperpetuum
1076 2132 1201 2208 Tercio
1231 2132 1382 2206 accessit
1406 2131 1506 2207 idem
1530 2131 1689 2208 ballivus
1713 2134 1762 2209 ad
1786 2144 1900 2210 terras
1925 2135 1971 2210 de
2001 2134 2108 2211 Stob-

557 2260 713 2361 redding
749 2269 787 2334 et
821 2259 1002 2334 Lachlane
1040 2258 1160 2332 landis
1199 2283 1283 2331 cum
1319 2257 1555 2356 pertinenciis
1584 2259 1749 2358 jacentes
1783 2261 1880 2336 inter
1912 2271 2027 2336 terras
2060 2261 2107 2336 de

557 2383 747 2486 Olongall¹
772 2385 812 2458 in
840 2383 1022 2459 territorio
1052 2382 1159 2484 burgi
1188 2382 1345 2482 predicti
1375 2391 1413 2458 et
1443 2381 1579 2458 ibidem
1608 2409 1674 2483 per
1701 2385 1939 2461 tradicionem
1968 2386 2104 2486 denarij

557 2523 696 2590 statum
722 2509 825 2586 dedit
847 2509 1107 2586 hereditarium
1133 2535 1175 2584 ac
1202 2509 1359 2584 casinam
1388 2509 1434 2584 de
1459 2510 1571 2585 tercia
1599 2521 1702 2610 parte
1728 2523 1884 2612 quatuor
1910 2513 2108 2589 solidorum

557 2637 746 2716 cuiusdam
771 2635 881 2736 annuj
909 2635 1073 2712 redditus
1098 2635 1281 2736 wlgariter
1306 2636 1510 2733 nuncupati
1536 2635 1664 2712 Kerris
1689 2639 1838 2713 annuall
1862 2639 2002 2714 virtuts
2027 2665 2107 2738 pra-

557 2765 655 2840 dicte
679 2761 938 2862 resignaeionis
963 2761 1009 2836 de
1026 2760 1135 2835 dictis
1154 2759 1261 2834 terris
1283 2785 1367 2835 cum
1382 2761 1617 2864 pertinenciis
1637 2764 1827 2838 annuatim
1853 2763 2009 2839 levanda
2029 2789 2109 2863 pre-

556 2891 633 2966 fato
655 2889 760 2964 fratri
781 2885 941 2988 Johannj
969 2886 1146 2962 Schankis
1170 2885 1283 2985 priori
1308 2896 1345 2962 et
1369 2887 1445 2961 suis
1471 2887 1733 2963 successoribus
1757 2889 1931 2964 solvenda
1951 2889 2109 2964 tenenda

557 3026 596 3092 et
619 3013 839 3116 possidenda
864 3011 1133 3112 imperpetuum
1157 3009 1274 3109 Super
1298 3011 1430 3112 quibus
1457 3012 1626 3088 omnibns
1650 3024 1688 3089 et
1704 3014 1857 3114 singulis
1875 3015 1987 3113 peciit
2011 3014 2109 3090 idem

557 3139 761 3240 sepedictus
774 3137 887 3212 frater
898 3135 923 3212 J
924 3135 1086 3212 ohannes
1098 3135 1277 3211 Sohankis
1288 3135 1388 3236 prior
1404 3135 1450 3210 de
1468 3137 1540 3212 Are
1556 3163 1623 3238 pro
1639 3163 1678 3214 se
1698 3149 1736 3214 et
1753 3141 1828 3214 suis
1845 3141 2109 3216 successoribus

558 3265 649 3341 dicti
665 3264 736 3340 loci
749 3290 771 3338 a
782 3289 841 3340 me
854 3263 995 3338 notario
1011 3261 1158 3362 publico
1175 3259 1380 3361 subscripto
1396 3262 1467 3337 sibi
1483 3261 1561 3363 fierj
1581 3289 1696 3340 unum
1714 3275 1751 3341 et
1767 3266 1872 3364 plura
1889 3267 2107 3342 instrumen-

557 3401 641 3466 tum
671 3415 713 3465 ac
740 3390 984 3464 instrumenta
1008 3387 1104 3462 Aeta
1138 3397 1241 3462 erant
1274 3387 1342 3462 hec
1375 3387 1523 3463 divisim
1556 3414 1666 3489 super
1698 3390 1832 3466 fundos
1865 3393 2109 3491 predictarum

558 3527 737 3593 terrarum
761 3515 851 3589 hora
876 3514 1017 3589 decima
1042 3523 1127 3588 ante
1152 3512 1341 3588 meridiem
1366 3513 1426 3588 vel
1443 3540 1486 3590 ea
1510 3515 1605 3590 circa
1629 3515 1698 3591 sub
1715 3543 1812 3592 anno
1836 3517 1896 3594 die
1913 3545 2037 3595 mense
2054 3521 2109 3594 in·

558 3643 721 3720 diccione
737 3640 954 3742 pontificatu
972 3649 1010 3714 et
1027 3664 1139 3740 regno
1156 3639 1251 3740 regis
1268 3639 1400 3740 quibus
1417 3665 1527 3739 supra
1551 3642 1779 3739 presentibus
1795 3643 1931 3718 ibidem
1947 3644 2110 3742 providis

559 3769 648 3844 viris
674 3767 831 3867 Georgio
854 3765 987 3841 Nesbit
1012 3765 1181 3840 Johannc
1207 3765 1419 3840 M‘charde
1442 3767 1581 3842 Thoma
1605 3768 1770 3844 Jonsoun
1801 3769 2109 3870 conburgensibus

561 3894 652 3970 dicti
676 3892 784 3993 burgi
806 3891 965 3967 Roberto
991 3889 1064 3990 Rig
1092 3889 1278 3965 Willelmo
1306 3889 1411 3966 Dane
1441 3901 1479 3966 et
1507 3891 1717 3970 Alexandro
1743 3893 1930 3972 Gardnare
1954 3896 2110 3971 testibus

560 4020 609 4096 ad
624 4019 799 4120 premissa
814 4017 953 4092 vocatis
969 4016 1106 4115 pariter
1122 4025 1160 4091 et
1176 4017 1321 4116 rogatis

637 4145 687 4222 Et
720 4169 786 4245 ego
816 4141 998 4218 Patricius
1027 4140 1116 4216 Law
1145 4139 1323 4240 presbiter
1355 4140 1590 4242 Ghsguensis
1619 4142 1773 4220 diocesis
1801 4144 1969 4244 publicus
1998 4147 2111 4248 regali

711 4267 926 4344 auctoritate
943 4265 1106 4341 notarius
1125 4262 1221 4366 (eto,
1239 4266 1280 4342 in
1295 4265 1414 4342 forma
1429 4267 1639 4367 communi).

1234 4513 1439 4590 Ansrnror.

639 4693 866 4770 Instrument
882 4713 930 4762 on
946 4687 1010 4762 the
1036 4685 1162 4762 Sasine
1178 4687 1289 4788 given
1305 4698 1345 4763 to
1362 4689 1462 4788 prior
1477 4687 1576 4762 John
1601 4687 1766 4764 Sohanks
1783 4690 1857 4766 and
1874 4691 1936 4767 the
1954 4707 2112 4772 convent

564 4821 606 4899 of
634 4819 700 4930 the
734 4815 853 4890 Friars
879 4812 1073 4888 Preaehers
1103 4813 1144 4887 of
1173 4813 1264 4912 Ayr,
1294 4813 1346 4914 by
1374 4813 1523 4889 Patriclr
1553 4813 1638 4905 Ker,
1667 4839 1736 4890 one
1765 4815 1806 4891 of
1836 4817 1899 4892 the
1923 4817 2050 4895 bailies
2065 4822 2117 4921 ¹of

564 4947 653 5047 hyr,
671 4943 711 5019 of
732 4940 840 5016 lande
866 4936 1033 5037 resigned
1060 4937 1100 5011 in
1120 4937 1178 5012 his
1204 4938 1323 5014 hands
1349 4938 1401 5037 by
1417 4937 1625 5014 Alexander
1651 4939 1850 5017 Cauldvvell
1878 4943 1919 5017 of
1940 4945 2023 5020 that
2048 4946 2112 5038 ilh,

564 5099 604 5149 as
627 5075 839 5172 procurator
863 5063 921 5138 for
944 5063 1070 5162 Agnes
1096 5062 1203 5155 Kere,
1231 5064 1452 5155 widomviz.
1480 5064 1522 5138 of
1542 5065 1605 5140 the
1629 5065 1731 5141 third
1750 5079 1834 5166 part
1858 5067 1899 5141 of
1920 5069 1984 5145 the
2008 5069 2113 5147 lands

565 5199 606 5275 of
623 5191 888 5272 Kerrisholmcs
906 5188 979 5264 and
1004 5187 1227 5278 Kerrisland,
1244 5187 1349 5288 lying
1368 5187 1532 5262 between
1549 5188 1611 5264 the
1631 5189 1736 5265 landa
1754 5191 1796 5266 of
1816 5191 1977 5292 Dupholl
1993 5197 2034 5270 in
2050 5197 2114 5272 the

565 5325 739 5421 territory
764 5317 806 5393 of
826 5317 915 5415 Ayr,
944 5313 1019 5390 and
1042 5313 1145 5388 third
1169 5313 1318 5412 partos
1341 5339 1389 5389 an
1414 5313 1631 5390 annualrent
1648 5314 1690 5390 of
1707 5315 1790 5390 four
1806 5316 1981 5418 shillings,
1998 5322 2113 5396 called

817 5461 828 5498 ¹
841 5469 876 5527 ln
889 5467 938 5526 the
954 5465 1181 5541 neighbourhood
1194 5465 1225 5522 os
1239 5465 1309 5539 Ayr,
1321 5483 1385 5522 nov
1397 5471 1460 5540 part
1473 5465 1504 5522 of
1518 5464 1566 5522 the
1579 5472 1664 5524 estete
1677 5465 1709 5523 of
1720 5466 1851 5525 Careluia
