5138 6694
589 759 629 849 so
844 785 1062 850 osismos
1085 786 1138 850 or
1160 786 1246 850 rua
1268 785 1421 849 sarias
1444 783 1691 848 remorsas
1714 783 1767 846 or
1788 784 1884 850 nra

585 975 738 1052 facimus
755 1001 820 1074 per
834 985 1019 1075 presentes
1036 976 1082 1050 In
1099 976 1201 1050 cuius
1217 975 1270 1050 rei
1287 975 1538 1049 testimonium
1555 974 1716 1074 sigillum
1733 985 1900 1050 nostrum
1915 975 2143 1075 presentibus

586 1113 642 1178 est
659 1127 859 1201 appensum
876 1100 974 1200 apud
991 1101 1064 1176 Are
1089 1101 1281 1176 undecimo
1304 1101 1363 1175 die
1387 1102 1521 1176 mensis
1543 1101 1636 1177 Julii
1653 1127 1748 1177 anno
1775 1101 1925 1176 Domini
1950 1101 2143 1178 millesimo

586 1227 942 1329 quadringentesimo
960 1226 1233 1327 quadragesimo
1249 1226 1373 1304 tercio.

1262 1454 1468 1532 Assraaor.

663 1633 814 1708 Oharter
829 1633 881 1732 by
897 1632 1001 1706 Friar
1017 1631 1174 1706 Michael
1203 1632 1313 1732 Gray,
1332 1643 1521 1731 preceptor
1547 1631 1693 1733 general
1710 1631 1752 1706 of
1776 1630 1829 1706 St.
1849 1631 2037 1731 Anthony,
2054 1657 2141 1708 near

585 1759 703 1848 Leith,
722 1761 761 1834 in
778 1758 906 1833 favour
923 1757 964 1831 of
977 1757 1039 1832 the
1057 1758 1272 1833 conventos
1293 1759 1356 1832 the
1374 1758 1493 1832 Friars
1511 1757 1705 1833 Preachers
1723 1757 1764 1831 of
1777 1757 1866 1856 Ayr,
1884 1757 1924 1832 of
1946 1758 2085 1857 apiece
2103 1759 2144 1834 of
2192 1770 2196 1786 '

584 1885 738 1987 ground,
756 1895 823 1960 not
846 1884 942 1982 fully
959 1910 1007 1957 an
1024 1909 1113 1972 acre,
1134 1883 1239 1984 lying
1264 1883 1303 1956 in
1321 1883 1383 1958 the
1407 1883 1581 1983 granter's
1597 1884 1704 1958 lands
1720 1884 1760 1956 in
1777 1882 1842 1958 the
1859 1882 1969 1958 crofts
1985 1883 2027 1958 oi
2047 1883 2138 1984 Ayr,

584 2021 624 2086 to
649 2011 694 2086 be
720 2010 806 2085 held
831 2011 870 2083 in
895 2034 984 2107 pure
1010 2008 1103 2082 alms
1128 2008 1183 2082 for
1208 2008 1271 2082 the
1297 2008 1515 2082 celebratior
1542 2008 1594 2107 by
1620 2009 1683 2084 the
1710 2010 1815 2086 friars
1845 2012 1885 2085 in
1911 2013 1976 2088 the
2003 2012 2138 2088 churcb

584 2147 625 2212 at
640 2135 730 2235 Ayr,
750 2135 790 2210 of
813 2135 877 2209 the
903 2135 1137 2232 anniversary
1155 2133 1195 2208 of
1217 2135 1281 2208 the
1306 2144 1463 2234 grantes
1482 2135 1540 2208 his
1564 2147 1712 2234 parents
1738 2136 1811 2211 and
1834 2137 2070 2231 benefactors,
2090 2165 2138 2214 on

583 2262 648 2336 the
664 2287 817 2336 morrow
841 2259 935 2335 after
961 2261 1025 2334 the
1051 2260 1147 2334 feast
1163 2259 1204 2334 of
1228 2258 1279 2335 St.
1300 2259 1397 2334 John
1425 2259 1488 2335 the
1514 2261 1669 2359 Baptist.
1724 2261 1846 2337 Dated
1873 2274 1913 2338 at
1938 2262 2025 2364 Ayr,
2048 2265 2137 2339 llth

583 2388 609 2464 J
610 2387 674 2488 uly
694 2393 800 2463 1443.

585 2697 643 2764 34.
671 2686 850 2764 Notariol
865 2687 1091 2762 Instrumeat
1108 2713 1156 2761 oa
1172 2687 1229 2762 tlte
1255 2687 1460 2787 attempted
1485 2686 1674 2764 Drstraiot
1693 2689 1737 2790 ῳ(
1758 2689 1815 2764 tlte
1833 2689 1941 2766 &sads
1957 2691 2003 2792 of
2020 2691 2137 2769 Kerse

626 2814 672 2914 by
689 2815 748 2890 tlte
763 2812 881 2888 Prior
898 2812 943 2911 of
952 2813 1010 2888 tlte
1027 2811 1164 2887 Priore
1180 2813 1387 2888 Preoelterr
1403 2812 1449 2912 ‘ff
1456 2811 1641 2914 Apa-[l
1651 2817 1710 2891 ltlt
1726 2817 1940 2917 September
1960 2817 2088 2920 1460.]

659 3020 704 3094 In
721 3019 791 3094 Dei
814 3017 960 3092 nomine
976 3041 1083 3090 amen
1105 3015 1175 3090 Per
1200 3016 1269 3091 hoc
1296 3043 1443 3116 presens
1470 3019 1655 3118 publicum
1684 3021 1970 3096 instrumentum
1996 3025 2137 3099 cunctis

581 3155 708 3245 pateat
725 3143 913 3219 evidenter
930 3152 967 3216 et
985 3141 1034 3214 sit
1054 3151 1184 3215 notum
1211 3142 1308 3242 quod
1325 3170 1421 3218 anno
1440 3144 1485 3218 ab
1502 3145 1751 3223 incarnacione
1768 3149 1918 3224 Domini
1943 3152 2136 3228 millesimo

581 3270 936 3372 quadringentesimo
962 3269 1183 3366 sexagesimo
1201 3267 1261 3342 die
1287 3294 1373 3343 vero
1400 3270 1534 3343 mensis
1562 3269 1784 3368 Septembris
1812 3274 2003 3351 undecimo
2019 3278 2134 3354 indic-

582 3399 683 3473 cione
711 3409 839 3471 octava
872 3393 1106 3493 pontificatus
1141 3394 1360 3468 sanctissimi
1389 3395 1429 3469 in
1459 3395 1605 3470 Christo
1634 3399 1750 3495 patris
1780 3426 1822 3474 ao
1852 3401 1992 3477 domini
2020 3405 2136 3480 nostri

582 3525 720 3600 domini
737 3523 796 3597 Pii
826 3522 951 3596 divina
979 3518 1213 3618 providencia
1242 3544 1335 3618 pape
1369 3520 1519 3614 secundi
1552 3547 1648 3595 anno
1679 3527 1791 3599 tercio
1823 3527 1868 3600 In
1898 3529 1971 3603 mei
2000 3531 2135 3605 notarii

580 3650 717 3750 publici
735 3659 772 3722 et
789 3648 941 3722 testium
954 3645 1264 3742 infrascriptorum
1276 3645 1461 3743 presencia
1473 3646 1710 3742 personaliter
1722 3652 1944 3727 constitutus
1959 3653 2136 3730 discretus

580 3777 638 3850 vir
649 3775 836 3874 religiosus
849 3773 960 3846 frater
973 3771 1152 3846 Patricius
1165 3769 1278 3868 Pulty
1291 3771 1390 3868 prior
1402 3781 1605 3845 conventus
1618 3773 1788 3849 Fratrum
1803 3777 2072 3856 Predicatorum
2089 3782 2135 3856 (16

580 3902 635 3975 Ar
663 3899 898 3999 personaliter
927 3895 1099 3972 accedens
1130 3895 1177 3969 ad
1207 3897 1452 3994 messuagium
1480 3895 1504 3969 J
1506 3896 1658 3972 ohannis
1687 3899 1895 3978 Crawfurde
1923 3905 2061 3981 domini
2088 3907 2135 3982 de

585 4025 697 4100 Kerse
714 4023 761 4099 ad
777 4023 1000 4096 namandum
1016 4048 1080 4096 seu
1097 4047 1243 4095 namare
1269 4019 1476 4094 faciendum
1501 4031 1614 4096 terras
1639 4022 1685 4098 de
1711 4024 1824 4101 Kerse
1850 4031 2052 4106 antedictas
2068 4058 2134 4131 pro

580 4176 722 4226 summa
738 4148 1002 4249 quinquaginta
1019 4146 1217 4222 solidorum
1234 4147 1347 4220 annui
1363 4146 1528 4220 redditus
1546 4147 1614 4222 sibi
1639 4148 1738 4224 dicto
1754 4153 1865 4248 priori
1883 4165 1921 4229 et
1937 4160 2134 4232 conventui

581 4277 627 4352 de
638 4277 692 4351 Ar
709 4275 892 4350 antedicto
905 4273 1120 4349 determino
1135 4272 1395 4346 Pentbecostes
1413 4271 1545 4346 ultimo
1562 4283 1744 4350 transacto
1758 4277 1881 4353 debita
1898 4291 1936 4354 et
1952 4284 2133 4381 reperiens

582 4430 690 4503 super
706 4403 862 4476 fundum
879 4411 1056 4475 terrarum
1073 4399 1119 4472 de
1137 4397 1252 4472 Kerse
1278 4397 1522 4496 predictarum
1549 4399 1687 4498 aliquas
1713 4426 1840 4477 vaccas
1858 4417 1896 4479 et
1913 4406 1993 4482 illas
2010 4435 2133 4484 secum

580 4529 620 4602 in
637 4526 780 4601 defectu
798 4524 989 4598 soluoionis
1007 4523 1103 4598 dicte
1129 4549 1269 4598 summe
1295 4524 1433 4596 minare
1451 4549 1514 4596 seu
1532 4523 1708 4599 abducere
1734 4527 1921 4605 inchoavit
1938 4531 1983 4606 de
2000 4535 2133 4633 quibus

580 4653 728 4753 quidem
754 4651 874 4725 vaccis
899 4648 1083 4723 Johannes
1110 4649 1241 4723 M‘Kce
1267 4673 1391 4722 servus
1409 4659 1452 4722 ut
1476 4650 1629 4724 asseruit
1655 4651 1833 4729 Johannis
1861 4657 1907 4731 de
1934 4658 2134 4736 Oraufurde

581 4777 759 4854 antedicti
779 4775 919 4849 dictum
944 4775 1100 4872 priorem
1126 4774 1297 4873 spoliavit
1322 4799 1445 4847 secum
1471 4773 1673 4850 reducendo
1690 4778 1729 4850 in
1746 4785 1930 4877 presencia
1953 4783 2132 4863 Johannis

581 4906 627 4981 de
641 4900 841 4978 Orauiurde
857 4899 1032 4974 antedicti
1049 4925 1121 4999 quo
1138 4899 1234 4974 facto
1252 4899 1372 4972 dictus
1388 4900 1487 4996 prior
1503 4901 1682 4976 asserebat
1699 4905 1795 5003 quod
1813 4918 1963 5006 propter
1978 4910 2131 5011 impedi-

580 5041 746 5108 mentum
763 5026 853 5101 dicti
877 5025 901 5099 J
903 5025 1054 5100 ohannis
1080 5022 1214 5097 M‘Kee
1242 5023 1311 5098 sibi
1337 5034 1425 5097 tunc
1452 5023 1596 5098 illatum
1624 5052 1730 5101 suum
1757 5056 1919 5107 annuum
1945 5035 2131 5112 redditum

580 5165 689 5257 prout
723 5165 813 5228 tunc
846 5149 977 5224 habere
1011 5149 1205 5248 nequiebat
1239 5149 1295 5222 De
1329 5159 1367 5222 et
1400 5175 1507 5247 super
1540 5151 1671 5249 quibus
1705 5156 1873 5231 omnibus
1907 5168 1945 5233 et
1977 5161 2131 5262 singulis

580 5281 763 5384 premissis
784 5288 828 5352 ut
844 5276 1021 5375 prefertur
1038 5273 1243 5348 antedictus
1265 5273 1445 5350 Patricius
1462 5301 1484 5348 a
1500 5301 1559 5350 me
1576 5279 1716 5352 notario
1741 5282 1886 5378 publico
1903 5285 2131 5387 infrascripto

580 5409 768 5510 publicum
780 5403 850 5478 sibi
866 5401 945 5476 fieri
958 5401 1069 5500 peciit
1084 5400 1366 5475 instrumentum
1383 5426 1447 5476 seu
1463 5401 1609 5500 publiea
1621 5404 1865 5483 instrumenta
1878 5411 1972 5485 Acta
1982 5412 2131 5488 fuerunt

580 5535 647 5608 hec
681 5555 789 5629 super
814 5526 971 5602 fundum
1000 5536 1177 5601 tamarum
1203 5525 1249 5600 de
1273 5525 1388 5601 Kerse
1416 5527 1661 5626 predictarum
1691 5530 1779 5605 hora
1808 5537 1911 5632 quasi
1939 5536 2131 5614 undecima
