5142 6684
609 819 629 880 8
862 812 1083 878 CHARTERS
1105 812 1159 878 OF
1180 813 1266 877 THE
1286 811 1440 878 rames
1460 811 1709 878 Passennus
1731 813 1786 880 OF
1805 813 1901 878 Am

610 1011 793 1078 ancestors
810 1001 883 1077 and
908 1027 1119 1091 successore,
1138 999 1210 1075 and
1227 1000 1285 1076 for
1305 1001 1560 1078 maintenance
1584 1001 1627 1078 of
1648 1000 1712 1078 the
1736 951 1872 1078 chureb
1895 1000 1970 1076 and
1995 1000 2107 1076 house
2124 999 2166 1076 of

610 1125 676 1201 the
691 1124 771 1200 said
786 1125 901 1200 friars.
955 1125 1059 1225 King
1074 1125 1196 1200 David
1221 1151 1359 1200 renews
1376 1125 1440 1201 the
1457 1138 1566 1227 grant
1582 1127 1622 1204 in
1647 1127 1786 1204 similar
1809 1138 1932 1206 terme.
1985 1127 2107 1203 Dated
2123 1138 2163 1202 et

610 1250 676 1327 the
693 1261 793 1326 town
810 1251 851 1326 of
863 1253 951 1352 Ayr,
969 1251 1061 1328 soth
1078 1251 1186 1342 June,
1204 1251 1244 1327 in
1261 1252 1326 1328 the
1342 1252 1512 1328 fifteenth
1528 1279 1616 1353 year
1632 1253 1674 1330 of
1685 1253 1743 1329 his
1759 1254 1873 1354 reign

616 1581 649 1652 8.
682 1571 842 1652 Oltarter
859 1571 905 1672 dy
920 1573 1110 1668 Malcebn,
1129 1575 1228 1654 Ecrl
1244 1576 1293 1677 of
1309 1575 1465 1675 Wlptora
1482 1589 1518 1653 to
1541 1577 1599 1654 tlte
1619 1575 1755 1656 Friors
1774 1578 1981 1656 Preocbers
2005 1579 2052 1681 of
2067 1579 2163 1680 ΑΨ,

812 1698 859 1799 os
866 1697 937 1775 Sic
953 1699 1078 1778 Marto
1093 1703 1222 1802 yearly
1239 1715 1301 1778 out
1318 1704 1364 1805 (ff
1372 1703 1429 1780 bis
1445 1701 1717 1806 eoffere.-[6tlt
1733 1705 1829 1804 Jcly
1847 1703 1973 1808 1344]

689 1905 880 1982 Universis
923 1903 1059 1979 Christi
1101 1903 1268 1980 fidelibus
1301 1917 1487 2005 presentes
1528 1906 1653 1982 literas
1689 1906 1906 2006 inspecturis
1950 1906 2167 1984 Malcolmus

615 2030 795 2133 Flemyng
811 2056 929 2106 comes
945 2029 1119 2130 Wigtone
1137 2030 1293 2106 salutem
1309 2031 1348 2105 in
1365 2031 1514 2108 domino
1526 2033 1712 2109 Noveritis
1724 2059 1783 2108 me
1796 2032 1938 2109 dedisse
1951 2033 2166 2110 concessisse

614 2168 653 2232 et
669 2156 737 2233 hoe
762 2157 923 2256 presenti
939 2157 1074 2255 scripto
1099 2157 1356 2256 inperpetuum
1382 2158 1613 2234 confirmasse
1638 2157 1812 2233 fratribus
1834 2158 1972 2234 ordinis
1997 2159 2165 2234 Prediea-

613 2293 736 2358 torum
759 2282 889 2357 domus
914 2281 1020 2357 beate
1043 2279 1221 2355 Katerine
1249 2281 1295 2357 de
1322 2281 1396 2356 Are
1425 2283 1653 2382 presentibus
1679 2293 1717 2358 et
1742 2283 1878 2359 futuris
1904 2285 1944 2358 in
1971 2309 2101 2384 puram
2128 2294 2168 2359 et

614 2417 829 2508 perpetuam
842 2407 1076 2482 elemosinam
1088 2433 1156 2506 pro
1169 2406 1398 2482 exhibicione
1409 2407 1519 2481 unius
1535 2406 1658 2482 fratris
1677 2407 1875 2482 sacerdotis
1887 2407 2103 2483 celebrantis
2127 2409 2168 2482 in

614 2532 752 2631 capella
773 2532 954 2609 dictorum
978 2531 1134 2606 fratrum
1158 2557 1224 2631 per
1249 2557 1308 2606 me
1334 2543 1542 2606 constructa
1565 2556 1631 2629 pro
1657 2533 1780 2606 anima
1804 2558 1885 2607 mea
1910 2545 1948 2608 et
1972 2545 2168 2634 parentum

614 2683 779 2733 meorum
796 2667 1061 2732 antecessorum
1074 2667 1113 2732 et
1126 2681 1370 2732 successorum
1387 2657 1427 2730 in
1443 2667 1660 2756 perpetuum
1678 2681 1741 2730 sex
1758 2681 1896 2731 marcas
1913 2657 2169 2759 sterlingorum

614 2783 663 2858 de
679 2781 788 2858 cofris
804 2781 895 2857 meis
912 2781 960 2856 ed
976 2781 1067 2858 duos
1085 2781 1172 2856 anni
1197 2781 1371 2856 terminos
1393 2791 1468 2856 tres
1484 2781 1655 2857 videlieet
1680 2807 1819 2857 mareas
1835 2782 1882 2857 sd
1898 2783 2033 2858 festum
2052 2783 2169 2859 sancti

615 2908 769 2983 Martini
802 2909 842 2983 in
868 2932 975 3006 yeme
1004 2917 1043 2982 et
1068 2907 1158 2982 alias
1186 2917 1261 2981 tres
1286 2932 1426 2980 marcas
1456 2906 1504 2981 ad
1532 2906 1668 2982 festum
1692 2907 1925 2983 Pentecostes
1958 2909 2168 2985 immediate

615 3033 800 3132 sequentis
825 3033 981 3106 termino
1003 3032 1119 3131 prime
1144 3031 1339 3107 solucionis
1364 3031 1563 3132 incipiente
1588 3059 1683 3108 anno
1706 3033 1849 3108 domini
1874 3035 2067 3112 millesimo
2093 3051 2169 3112 ccc⁰

615 3159 893 3260 quadragesimo
910 3169 1040 3257 quarto
1058 3169 1096 3233 et
1117 3157 1169 3232 sic
1186 3157 1406 3232 determino
1429 3159 1469 3233 in
1494 3159 1693 3234 terminum
1718 3169 1756 3234 et
1781 3185 1877 3234 anno
1902 3161 1942 3234 in
1967 3187 2104 3238 annum
2128 3164 2168 3237 in

615 3295 833 3384 perpetuum
862 3283 907 3357 ad
939 3308 1093 3383 quarum
1120 3309 1184 3358 sex
1211 3308 1414 3358 marearum
1441 3283 1662 3360 solucionem
1689 3285 1794 3358 annis
1821 3285 1975 3386 singulis
2004 3289 2170 3364 terminis

615 3410 824 3485 memoratis
840 3434 900 3483 me
917 3419 955 3483 et
971 3408 1120 3483 heredes
1137 3435 1236 3483 meos
1254 3418 1292 3483 et
1308 3409 1511 3508 assignatos
1535 3418 1649 3484 terras
1669 3435 1768 3485 mess
1785 3421 1823 3486 et
1839 3413 1962 3486 omnia
1978 3413 2073 3488 bone
2089 3440 2171 3490 mea

615 3535 765 3610 mobilia
794 3544 832 3610 et
860 3532 1062 3608 immobilia
1091 3533 1139 3608 ad
1165 3559 1464 3632 quorumeunque
1493 3559 1623 3608 manus
1650 3533 1786 3609 fuerint
1816 3535 1989 3612 devoluta
2017 3537 2171 3614 firmiter

616 3660 737 3761 obligo
754 3685 819 3758 per
835 3669 1019 3758 presentes
1035 3657 1084 3732 Et
1101 3658 1132 3733 si
1149 3659 1270 3757 aliquo
1293 3683 1379 3733 casu
1396 3657 1632 3759 contingente
1648 3661 1838 3760 contingat
1857 3685 1916 3736 me
1938 3663 1997 3737 vel
2022 3663 2171 3740 heredes

617 3811 717 3861 meos
733 3809 797 3860 seu
814 3784 1015 3884 assignatos
1032 3783 1183 3858 deficere
1200 3785 1240 3857 in
1257 3783 1439 3858 solucione
1462 3783 1643 3859 dictarum
1660 3809 1723 3859 sex
1739 3811 1940 3861 marcarum
1957 3789 1996 3862 in
2012 3799 2092 3865 toto
2109 3791 2171 3865 vel

616 3910 657 3984 in
684 3918 789 4008 parte
816 3907 863 3982 ad
892 3907 1065 3983 terminos
1098 3917 1315 3982 memoratos
1340 3933 1385 3982 ex
1415 3933 1513 3982 nunc
1536 3932 1602 4005 pro
1635 3919 1726 3984 tune
1751 3911 1889 3987 subicio
1915 3913 2171 4013 memetipsum

617 4031 768 4108 heredes
785 4056 884 4106 meos
901 4040 939 4106 et
962 4031 1163 4131 assignatos
1181 4033 1228 4106 ad
1245 4057 1335 4131 quos
1360 4057 1589 4132 quocumque
1610 4033 1719 4109 modo
1744 4045 1838 4110 terre
1863 4063 1943 4112 mee
1968 4038 2106 4114 fuerint
2131 4041 2171 4114 in

618 4169 805 4259 posterum
830 4155 1002 4231 devolute
1022 4155 1251 4254 jurisdicioni
1273 4166 1311 4230 et
1335 4155 1538 4230 cohereioni
1566 4158 1724 4259 episcopi
1750 4160 1984 4262 Glesguensis
2008 4165 2069 4239 vel
2094 4166 2172 4241 eius

619 4281 818 4359 officiorum
839 4281 903 4381 qui
929 4306 995 4379 pro
1022 4291 1184 4379 tempore
1204 4279 1341 4355 fuerint
1367 4281 1465 4379 quod
1491 4281 1561 4378 ipsi
1587 4283 1648 4356 vel
1676 4308 1799 4358 eorum
1826 4286 1918 4362 alter
1943 4289 2086 4386 possint
2112 4291 2172 4366 vel

618 4409 734 4509 possit
750 4433 809 4482 me
827 4417 865 4482 et
880 4406 1028 4481 heredes
1045 4431 1143 4480 meos
1161 4415 1199 4480 et
1215 4405 1418 4505 assignatos
1434 4407 1647 4505 compellere
1663 4409 1740 4483 sola
1755 4411 1981 4510 inspeceione
1993 4418 2173 4512 presentis

620 4535 729 4609 unica
771 4543 919 4608 tantum
952 4527 1155 4606 monitione
1188 4531 1363 4630 premissa
1397 4532 1444 4607 ad
1487 4532 1707 4608 solucionem
1744 4536 1840 4613 dicte
1877 4542 2029 4637 pecunie
2064 4543 2173 4619 dietis

620 4658 784 4735 terminis
804 4655 1042 4756 persoluende
1070 4681 1135 4754 per
1156 4657 1379 4732 sentenciam
1396 4659 1780 4736 excommunicacionis
1804 4663 1849 4739 de
1866 4664 1926 4739 die
1952 4666 1991 4740 in
2008 4667 2107 4742 diem
2133 4669 2173 4743 in

620 4808 792 4886 personas
812 4793 954 4856 nostras
970 4782 1232 4881 promulgande
1249 4781 1414 4882 obligans
1439 4781 1696 4860 nichilominus
1721 4811 1780 4861 me
1798 4797 1836 4863 et
1853 4788 2001 4864 heredes
2018 4817 2117 4868 meos
2135 4805 2173 4869 et

621 4911 823 5010 assignatos
852 4908 900 4983 ed
929 4909 1145 4984 solvendum
1174 4909 1321 4983 nomine
1350 4934 1443 5006 pene
1472 4909 1607 4985 fabrice
1641 4910 1789 4986 ecclesie
1823 4913 2056 5014 Glasguensis
2083 4918 2174 4994 duas

621 5061 760 5111 marcas
770 5034 1025 5134 sterlingorum
1037 5034 1362 5134 quocienscumque
1373 5035 1413 5108 in
1423 5033 1605 5110 solucione
1615 5035 1795 5111 dictarum
1807 5063 2084 5118 sexmercarum
2097 5047 2173 5120 suis

622 5161 788 5239 terminis
799 5161 838 5235 in
854 5170 934 5234 toto
946 5159 1006 5234 vel
1022 5161 1061 5233 in
1077 5168 1180 5258 parte
1197 5156 1358 5233 defecero
1374 5158 1435 5233 vel
1451 5158 1599 5234 heredes
1615 5161 1687 5235 mci
1704 5187 1767 5237 seu
1784 5164 1959 5263 assignati
1976 5167 2173 5247 defecerint

621 5287 844 5362 infuturum
886 5285 936 5359 Et
953 5284 1000 5360 ad
1016 5284 1188 5358 maiorem
1205 5283 1460 5382 premissorum
1475 5285 1638 5360 omnium
1655 5288 1884 5364 securitatem
1901 5316 1942 5364 ac
1959 5304 2173 5392 perpetuam

623 5411 936 5488 confirmacionem
969 5409 1129 5510 sigillum
1154 5436 1276 5486 meum
1301 5437 1375 5486 una
1399 5437 1484 5486 eum
1508 5411 1628 5512 sigillo
1652 5414 1867 5490 venerabilis
1891 5417 2006 5516 patris
2035 5419 2175 5496 domini
