5138 6694
663 813 883 882 OHARTERS
905 814 957 878 OF
979 813 1063 878 THE
1085 811 1237 876 FRIARS
1258 807 1504 874 Panaenum
1526 807 1579 873 OF
1599 809 1694 874 Ara
1911 813 1950 876 73

408 1037 466 1109 49.
486 1025 618 1106 Sosiae
632 1025 823 1126 iasooour
835 1024 881 1125 os
890 1025 947 1102 ae
959 1021 1095 1100 Fciam
1110 1023 1324 1112 Praeclara,
1340 1021 1386 1120 of
1392 1048 1444 1097 aa
1455 1020 1625 1122 Aaauity
1642 1021 1687 1122 os
1702 1019 1771 1096 Sia
1786 1021 1952 1124 abilliaps

555 1152 635 1230 aad
651 1151 868 1252 eipbtpcaee,
882 1176 930 1226 oa
945 1147 1171 1250 rmr'qaatioa
1189 1146 1401 1248 byMomoa
1418 1147 1552 1246 Canop,
1566 1145 1648 1246 aye
1663 1146 1708 1246 of
1717 1147 1818 1224 Joba
1830 1147 1946 1249 Lana.

556 1275 689 1382 -[9tlt
704 1277 841 1353 Morolt
860 1273 988 1376 1502]

484 1457 530 1532 In
543 1455 613 1532 Dei
629 1454 776 1530 nomine
792 1452 934 1528 Amen:
961 1451 1032 1527 Per
1047 1452 1115 1527 hoc
1131 1476 1277 1550 presens
1294 1449 1481 1549 publicum
1505 1450 1787 1526 instrumentum
1812 1455 1952 1528 eunctis

406 1593 533 1684 pateat
558 1581 745 1657 evidenter
760 1589 798 1654 et
814 1580 863 1653 sit
886 1588 1015 1654 uotum
1031 1577 1130 1676 quod
1147 1602 1243 1651 anno
1259 1575 1519 1652 incarnacionis
1545 1575 1736 1651 Dominice
1760 1579 1952 1655 millesimo

407 1708 699 1810 quingentesimo
732 1706 887 1804 septimo
912 1704 971 1778 die
995 1728 1080 1777 vero
1105 1703 1239 1776 mensis
1264 1701 1390 1802 Marcij
1417 1726 1514 1775 nono
1538 1702 1735 1780 indictione
1761 1705 1952 1783 undecima

408 1823 642 1934 pontificatus
675 1828 890 1928 sanctissimj
922 1829 962 1903 in
992 1827 1134 1902 Christo
1163 1827 1278 1925 patris
1307 1851 1348 1900 ac
1378 1826 1516 1900 domini
1545 1826 1683 1903 domini
1713 1833 1827 1906 nostri
1860 1833 1949 1934 Julij

409 1960 535 2036 divina
566 1957 798 2059 providencia
831 1979 923 2054 pape
957 1953 1106 2028 secundi
1139 1978 1235 2026 anuo
1264 1962 1393 2050 quarto
1422 1954 1462 2027 in
1490 1953 1560 2054 mej
1588 1957 1717 2055 notarij
1745 1959 1882 2057 publici
1917 1973 1955 2036 et

408 2087 560 2162 testium
593 2083 877 2182 subscriptorum
909 2079 1092 2179 presencia
1124 2076 1358 2176 personaliter
1398 2079 1597 2154 constituta
1632 2083 1784 2181 provida
1824 2087 1954 2160 mulier

409 2211 565 2288 Mariota
582 2209 720 2307 (lurryc
745 2231 828 2282 cum
854 2229 1028 2280 consensu
1055 2213 1092 2277 et
1117 2227 1263 2276 assensu
1287 2200 1313 2275 J
1314 2200 1466 2276 ohannis
1490 2203 1595 2306 Lang
1612 2208 1669 2280 sui
1686 2209 1810 2307 sponsi
1825 2236 1899 2285 non
1915 2211 1954 2286 vi

410 2347 475 2413 aut
504 2345 606 2410 metu
636 2333 746 2408 ducta
775 2357 841 2406 nec
870 2354 987 2405 errore
1016 2327 1118 2425 lapsa
1144 2352 1207 2402 seu
1237 2325 1320 2399 dolo
1346 2327 1591 2405 circumventa
1614 2332 1678 2407 scd
1702 2359 1769 2409 sua
1792 2361 1892 2411 mera
1916 2349 1954 2412 et

410 2473 611 2562 spontanea
621 2459 814 2534 voluntate
822 2481 887 2556 per
897 2453 1133 2530 tradicionem
1145 2451 1253 2527 unius
1266 2451 1404 2526 denarii
1414 2477 1558 2530 sursum
1569 2457 1728 2533 reddidit
1739 2486 1899 2561 pureque
1913 2489 1954 2539 ac

411 2586 623 2685 simpliciter
634 2582 833 2684 resignavit
845 2581 886 2655 in
898 2579 1066 2654 manibus
1077 2577 1214 2652 Thome
1229 2576 1333 2652 Neile
1344 2577 1452 2651 unius
1464 2578 1681 2658 ballivorum
1697 2584 1803 2685 burgi
1814 2587 1859 2661 de
1869 2588 1955 2662 Aire

410 2739 476 2814 pro
492 2721 653 2810 tempore
670 2735 732 2783 sex
750 2707 883 2782 solidos
901 2718 938 2780 et
956 2715 1037 2780 octo
1055 2703 1219 2778 denarios
1236 2702 1346 2802 annuj
1366 2703 1531 2780 redditus
1547 2709 1736 2783 annuatim
1760 2711 1957 2812 percipien-

411 2838 477 2914 dos
495 2847 532 2913 et
548 2833 720 2911 levandos
737 2834 782 2909 de
798 2841 878 2907 toto
895 2842 933 2906 et
949 2831 1091 2930 integro
1104 2855 1170 2904 suo
1182 2839 1390 2908 tenemento
1399 2830 1542 2928 jacente
1559 2833 1599 2906 in
1616 2833 1715 2910 dicto
1732 2836 1845 2937 burgo
1862 2839 1958 2913 inter

410 2972 661 3038 tenementum
685 2958 811 3034 Jacobi
828 2957 945 3056 Ourry
970 2981 1015 3031 cx
1040 2955 1189 3030 australi
1214 2964 1251 3030 et
1275 2965 1525 3030 tenementum
1551 2959 1734 3056 quondam
1759 2961 1959 3038 Alexandri

413 3085 599 3186 Oampbell
633 3085 679 3160 ds
714 3081 1021 3182 Skyrrenetoune¹
1052 3106 1097 3154 cx
1130 3079 1258 3160 boriali
1290 3079 1454 3179 partibus
1488 3082 1534 3157 ab
1567 3083 1681 3159 altera
1731 3085 1958 3186 Quaquidem

412 3212 658 3313 resignacione
682 3210 780 3284 facta
804 3218 842 3283 et
866 3233 931 3307 per
955 3208 1138 3308 prefatum
1163 3207 1338 3286 ballivum
1364 3207 1486 3283 debite
1510 3219 1654 3307 recepta
1678 3208 1776 3284 idem
1801 3210 1959 3290 ballivus

413 3337 620 3414 antedictus
645 3345 783 3410 statum
808 3343 846 3410 et
870 3333 1026 3408 sosinam
1051 3333 1304 3411 hereditariam
1329 3359 1470 3408 necnon
1495 3333 1673 3410 actualem
1698 3339 1959 3434 possessionem

414 3475 453 3541 et
469 3461 688 3562 corporalem
705 3461 751 3536 de
767 3460 876 3534 dictis
893 3485 956 3534 sex
973 3459 1098 3534 solidis
1115 3470 1153 3534 ct
1171 3469 1252 3533 octo
1270 3459 1427 3533 denariis
1451 3459 1564 3533 annui
1583 3458 1749 3535 redditus
1769 3463 1958 3538 annuatim

414 3587 653 3690 percipiendis
670 3596 708 3661 et
723 3585 889 3662 levandis
906 3584 952 3660 de
969 3595 1048 3660 toto
1066 3593 1104 3658 et
1120 3585 1263 3683 integro
1288 3583 1387 3657 dicto
1412 3593 1621 3660 tenemento
1640 3588 1837 3664 venerabili
1861 3591 1960 3687 patri

414 3715 519 3790 fratri
538 3711 684 3813 Hugonj
705 3710 883 3809 Ramsaye
899 3711 1010 3810 priori
1026 3710 1097 3784 loci
1113 3720 1151 3784 et
1167 3719 1367 3784 conventus
1385 3707 1557 3784 Fratrum
1573 3709 1844 3789 Predicatorum
1870 3715 1959 3790 dicti

415 3839 523 3940 burgi
546 3838 693 3914 nominc
720 3835 866 3911 ecclesie
893 3845 1091 3910 conventus
1116 3859 1158 3908 ac
1182 3859 1426 3910 successorum
1454 3835 1650 3912 eorundem
1674 3863 1741 3938 pro
1757 3839 1906 3938 placebo
1923 3853 1961 3916 et

416 3966 531 4066 dirige
549 3963 739 4038 annuatim
760 3959 981 4036 celebrandis
997 3985 1080 4034 cum
1105 3961 1215 4034 missa
1231 3960 1271 4033 in
1297 3970 1406 4036 cantu
1431 3961 1471 4034 in
1496 3961 1654 4035 crastino
1679 3988 1744 4060 pro
1770 3965 1959 4042 animabus

416 4090 594 4166 Johannis
621 4087 738 4187 Ourry
762 4087 877 4187 patris
905 4085 1019 4184 ipsius
1047 4085 1200 4160 Mariote
1226 4095 1264 4159 et
1291 4084 1456 4161 Elizabet
1482 4085 1613 4162 vame
1641 4088 1718 4162 eius
1745 4091 1871 4166 matris
1895 4118 1960 4191 per

416 4213 653 4290 tradicionem
680 4213 788 4288 unius
817 4210 956 4286 denarii
985 4221 1028 4285 ut
1056 4211 1166 4284 moris
1195 4222 1251 4286 est
1277 4211 1429 4286 donavit
1457 4211 1724 4312 imperpetuum
1753 4217 1853 4290 salvo
1878 4217 1960 4316 jure

417 4340 609 4415 cuiuslibet
634 4364 742 4437 super
758 4336 890 4438 quibus
915 4361 1003 4410 vero
1028 4337 1196 4410 omnibus
1221 4347 1258 4412 et
1283 4337 1436 4436 singulis
1460 4339 1643 4436 premissis
1666 4341 1778 4438 peciit
1800 4343 1961 4441 prefatus

415 4475 520 4564 pater
545 4465 644 4564 prior
660 4489 682 4537 a
698 4489 756 4538 me
774 4462 914 4537 notario
938 4461 1084 4559 publico
1109 4460 1312 4560 subscripto
1337 4487 1451 4536 unum
1477 4473 1541 4537 aut
1565 4463 1671 4561 pluro
1693 4466 1880 4564 publicum
1897 4495 1961 4544 seu

418 4587 563 4688 publica
595 4587 880 4660 instrumentum
910 4585 970 4659 vel
999 4585 1242 4660 instrumenta
1271 4585 1340 4660 sibi
1368 4585 1443 4686 fierj
1497 4587 1592 4662 Acta
1620 4599 1724 4664 erant
1756 4591 1823 4668 hcc
1856 4620 1964 4694 super

418 4712 535 4788 solum
552 4711 644 4785 dicti
660 4711 861 4786 tenementi
880 4710 970 4785 hora
994 4711 1107 4785 tercia
1128 4721 1212 4810 post
1236 4711 1424 4786 meridiem
1449 4711 1509 4786 vel
1534 4738 1576 4788 ca
1601 4713 1695 4788 circa
1719 4741 1815 4792 anno
1840 4744 1962 4796 mense

418 4839 478 4914 die
506 4837 704 4913 indictione
729 4847 767 4912 et
793 4836 1009 4937 pontificatu
1034 4836 1165 4935 quibus
1195 4863 1304 4936 supra
1331 4836 1560 4935 presentibus
1589 4839 1725 4915 ibidem
1754 4841 1962 4921 Alexandro

418 4964 585 5062 Boyman
614 4962 770 5062 Georgio
801 4961 987 5061 Oampbell
1020 4961 1177 5061 Hugone
1211 4961 1368 5037 Rolland
1397 4962 1703 5062 conburgensibus
1732 4966 1823 5042 dicti
1856 4969 1962 5070 burgi

419 5088 566 5164 domino
584 5085 710 5161 Golino
736 5086 885 5160 Masone
908 5086 1091 5185 capellano
1119 5097 1157 5162 et
1182 5086 1324 5187 Rogero
1350 5087 1528 5168 Schankis
1555 5091 1709 5166 testibus
1725 5093 1773 5168 ad
1789 5096 1962 5193 premissa

418 5213 558 5290 voeatis
574 5212 710 5312 pariter
727 5221 764 5287 et
781 5212 927 5312 rogatis.

496 5339 546 5414 Et
563 5363 629 5438 ego
646 5363 733 5411 vero
750 5335 774 5410 J
776 5336 927 5412 ohannis
943 5335 1048 5411 Faire
1064 5337 1240 5438 presbiter
1267 5338 1500 5438 Glasguensis
1518 5341 1669 5417 diocesis
1691 5341 1773 5441 (ete.
1792 5345 1832 5420 in
1848 5347 1963 5424 forma

572 5462 781 5563 communi).

830 5581 840 5618 ¹
854 5583 1026 5646 Robertson's
1039 5589 1166 5662 Ayrsbira
1179 5589 1315 5660 faenilia,
1328 5589 1382 5646 vol.
1394 5609 1434 5648 ur.
1446 5609 1472 5666 p.
1489 5597 1554 5650 110.

1182 5716 1205 5768 L
