5142 6684
714 835 935 903 CHARTERS
959 833 1013 898 01¹¹
1033 833 1119 897 THE
1139 831 1291 896 FRIARS
1311 831 1557 896 PRnAoHnRs
1580 829 1633 895 OF
1654 831 1749 895 AYR
1965 834 2005 896 29

452 1036 510 1111 his
539 1033 623 1126 saal,
648 1032 718 1108 but
733 1031 874 1132 willing
890 1031 954 1104 the
972 1028 1092 1129 signet
1108 1037 1148 1102 to
1164 1026 1210 1102 be
1227 1026 1268 1101 of
1282 1025 1388 1125 equal
1405 1025 1502 1101 force
1518 1023 1610 1100 with
1630 1023 1693 1099 the
1718 1022 1802 1114 saal,
1830 1034 1868 1099 at
1893 1022 2006 1098 Edin·

454 1158 584 1260 burgh,
605 1158 671 1234 oth
688 1157 835 1257 August
853 1158 959 1228 1386.

499 1468 556 1538 20.
584 1460 743 1557 Prccept
761 1456 807 1556 by
823 1455 968 1545 Robcrt,
986 1451 1086 1529 Euri
1099 1453 1140 1551 os
1152 1452 1249 1551 Fifc,
1269 1465 1303 1528 to
1321 1453 1378 1528 tte
1395 1454 1528 1554 Borgb
1544 1455 1589 1555 of
1597 1453 1769 1555 Ayr,for
1779 1467 1959 1554 poymcat

596 1584 642 1685 of
650 1581 849 1660 Anacutas
864 1579 937 1658 duc
955 1593 989 1656 to
1008 1579 1064 1655 the
1081 1577 1218 1655 Friora
1233 1577 1607 1680 Prcocbcra.-[16tb
1623 1579 1719 1680 Moy
1738 1577 1865 1682 1387]

531 1787 711 1863 Robertus
730 1787 859 1862 Oomes
876 1785 922 1860 de
939 1783 1015 1884 Fyf
1027 1795 1066 1860 et
1083 1784 1273 1860 Mentethe
1291 1785 1506 1860 camerarius
1523 1783 1646 1860 Seoeie
1662 1786 1845 1885 preposito
1862 1785 2007 1862 ballivis

455 1927 493 1992 et
522 1915 776 1992 communitati
805 1912 914 2012 burgi
943 1911 989 1986 de
1018 1911 1093 1986 Are
1123 1911 1280 1986 salutem
1330 1912 1426 2000 Quia
1451 1937 1516 2011 per
1542 1911 1808 2011 inspeccionem
1825 1926 2007 1990 cartarum

455 2041 641 2142 quondam
657 2039 752 2114 bone
768 2038 940 2114 memorie
957 2037 1157 2112 Alexandri
1182 2037 1333 2113 Roberti
1350 2038 1473 2113 David
1489 2047 1527 2112 et
1544 2038 1692 2114 Roberti
1709 2065 1805 2114 nunc
1822 2043 2008 2141 regnantis

454 2192 583 2268 regum
597 2165 719 2242 Scocie
732 2163 929 2238 illustrium
942 2162 981 2236 in
995 2161 1178 2238 Scaccario
1195 2163 1294 2262 apud
1310 2163 1538 2264 Edynburgh
1554 2174 1658 2240 tento
1676 2179 1779 2240 sexto
1792 2167 1930 2242 decimo
1948 2168 2008 2243 die

455 2291 591 2368 mensis
615 2290 719 2388 Mayi
736 2315 832 2364 anno
857 2289 1008 2363 Domini
1034 2302 1088 2366 m⁰
1106 2303 1209 2364 cccmo
1226 2289 1360 2362 lxxx¹¹²⁰
1379 2291 1534 2388 septimo
1552 2315 1672 2365 coram
1688 2292 1794 2366 nobis
1811 2302 1849 2368 et
1865 2319 2008 2394 compo·

455 2429 577 2494 torum
611 2414 839 2492 auditoribus
873 2414 1119 2490 exhibitarum
1153 2414 1286 2514 quibus
1319 2414 1487 2513 perlectis
1521 2442 1564 2491 ac
1596 2417 1726 2492 rotulis
1760 2431 2008 2519 compotorum

456 2543 608 2619 diversis
641 2542 837 2642 diligenter
876 2540 1050 2640 inspectis
1091 2550 1236 2616 matura
1277 2540 1538 2616 deliberacione
1570 2540 1696 2618 habita
1728 2569 1793 2643 per
1825 2545 2009 2622 auditores

456 2671 638 2746 dictorum
662 2677 912 2768 compotorum
937 2667 1009 2742 fuit
1033 2665 1256 2741 declaratum
1282 2665 1391 2742 etde
1416 2692 1564 2742 assensu
1589 2669 1754 2744 omnium
1779 2670 2008 2748 dominorum

455 2796 592 2872 ibidem
622 2794 863 2870 existencium
888 2817 953 2892 pro
978 2792 1164 2892 perpetuis
1189 2792 1413 2891 temporibus
1439 2791 1573 2868 bituris
1600 2793 1882 2872 determinatum
1910 2799 2009 2897 quod

455 2921 615 3021 religiosi
637 2921 709 2996 viri
736 2919 882 2994 Fratres
910 2918 1160 2994 Predicatores
1185 2917 1231 2992 de
1257 2917 1330 2993 Are
1355 2943 1378 2992 a
1402 2927 1565 3017 tempore
1589 2919 1703 3019 prime
1720 2921 1919 2998 dotacionis
1944 2949 2010 3002 sue

457 3047 603 3123 ecclesie
620 3073 662 3122 ac
680 3044 910 3122 fundacionis
935 3069 999 3118 sue
1025 3043 1154 3118 domus
1178 3069 1244 3143 pre
1269 3043 1438 3118 omnibus
1463 3045 1545 3144 alijs
1569 3071 1644 3121 non
1669 3046 1836 3125 obstante
1861 3050 2008 3150 quibus·

458 3199 600 3274 cunque
614 3170 874 3248 donacionibus
886 3169 1021 3269 viginti
1033 3169 1144 3244 libras
1161 3169 1416 3270 sterlingorum
1435 3172 1624 3246 annuatim
1640 3173 1688 3248 ad
1705 3179 2009 3254 sustentacionem

458 3309 496 3373 et
528 3299 796 3399 reparationem
829 3297 926 3373 dicte
963 3323 1027 3373 sue
1061 3297 1207 3374 ecclesie
1249 3323 1291 3373 ac
1325 3298 1453 3374 domus
1488 3299 1534 3374 de
1575 3300 1701 3400 primis
1738 3300 1898 3402 denarijs
1932 3306 2010 3384 sive

458 3421 655 3497 denariatis
684 3423 801 3496 tocius
827 3421 947 3496 exitus
977 3423 1068 3497 dicti
1092 3422 1200 3523 burgi
1224 3423 1340 3497 vestn'
1364 3423 1547 3522 percipere
1577 3439 1842 3503 consueverunt
1867 3440 1905 3504 et
1929 3457 2009 3530 per-

458 3559 632 3648 cepenmt
648 3574 789 3624 necnon
806 3547 940 3648 viginti
953 3573 1068 3622 unum
1081 3547 1214 3621 solidos
1231 3547 1344 3621 annui
1357 3547 1522 3622 redditus
1539 3548 1584 3623 de
1601 3550 1751 3626 baronia
1768 3551 1814 3626 de
1832 3553 2010 3657 Awilway

457 3699 541 3750 curn
553 3673 787 3773 pertinencijs
805 3672 852 3746 ad
869 3671 1042 3746 terminos
1059 3681 1250 3746 consuetos
1263 3671 1377 3747 Vobis
1394 3683 1432 3748 et
1450 3684 1611 3748 vestrum
1628 3675 1778 3752 cuilibet
1794 3682 2010 3759 auctoritate

458 3827 531 3901 qua
542 3800 729 3900 fungimur
742 3799 866 3874 stricte
882 3797 1114 3898 precipiendo
1131 3798 1347 3872 mandamus
1364 3798 1536 3897 quatinus
1549 3799 1594 3874 de
1611 3803 1739 3899 primis
1756 3803 1915 3906 denarijs
1931 3809 2010 3886 sive

457 3926 652 4001 denariatis
681 3925 799 4000 tocius
829 3923 949 3999 exitus
983 3923 1073 3998 dicti
1098 3923 1205 4024 burgi
1233 3923 1347 3998 vestri
1372 3924 1436 4022 qui
1465 3925 1583 4022 primo
1608 3927 1722 4002 levari
1751 3941 1925 4028 poterunt
1950 3936 2010 4010 vel

458 4051 631 4126 deberent
660 4049 842 4148 predictas
867 4049 1003 4150 viginti
1032 4049 1144 4124 libras
1168 4074 1352 4123 unacum
1381 4049 1481 4125 dicto
1511 4077 1631 4127 annuo
1660 4055 1807 4131 redditu
1836 4061 2010 4157 predictis

457 4176 631 4251 fratribus
648 4175 694 4250 de
714 4175 881 4250 terminis
899 4176 1079 4250 consuetis
1103 4185 1181 4250 tam
1198 4176 1389 4250 uansactis
1407 4203 1517 4276 quam
1533 4177 1666 4255 futuris
1682 4181 1834 4283 singulis
1851 4188 1956 4262 annis
1973 4199 2011 4265 et

458 4304 537 4378 sine
563 4301 776 4377 difficultate
800 4301 921 4401 aliqua
944 4300 1170 4400 integraliter
1193 4301 1408 4400 persolvatis
1436 4303 1496 4378 vel
1522 4304 1651 4380 saltem
1678 4319 1858 4406 quantum
1884 4339 2009 4392 omnes

460 4429 580 4504 exitus
601 4427 691 4502 dicti
716 4427 823 4526 burgi
848 4426 996 4502 extendi
1020 4437 1193 4526 poterunt
1217 4452 1403 4527 quousque
1429 4429 1475 4504 de
1500 4455 1641 4505 summa
1657 4432 1774 4509 tocius
1799 4437 1919 4514 exitus
1944 4443 2011 4542 eijs

458 4553 617 4652 plenarie
643 4552 753 4627 fuerit
778 4551 1006 4626 satisfactum
1023 4553 1200 4652 usquead
1221 4577 1401 4629 summam
1426 4554 1472 4630 de
1496 4556 1631 4656 viginti
1655 4557 1765 4634 libras
1790 4562 1881 4637 dicti
1905 4565 2012 4668 burgi

460 4690 499 4753 et
515 4679 651 4779 viginti
667 4703 782 4752 unum
799 4677 998 4752 solidorum
1015 4678 1112 4752 dicte
1128 4676 1275 4752 baronie
1302 4677 1352 4752 Et
1368 4679 1436 4754 hoc
1453 4681 1521 4755 sub
1537 4707 1632 4780 pena
1649 4685 1811 4762 omnium
1832 4715 1903 4788 que
1926 4718 2011 4793 erga

461 4805 650 4880 dominum
667 4813 833 4878 nostrum
849 4828 971 4903 regem
988 4815 1025 4878 et
1042 4829 1109 4878 nos
1126 4803 1294 4878 amittere
1315 4805 1482 4904 poteritis
1507 4807 1608 4881 nullo
1625 4809 1733 4885 modo
1751 4813 1928 4891 omittatis
1954 4817 2011 4894 De

460 4957 533 5029 qua
549 4929 652 5004 vobis
669 4928 922 5004 allocacionem
939 4929 1111 5004 faciemus
1124 4929 1163 5002 in
1180 4929 1311 5004 vestris
1332 4931 1508 5030 compotis
1534 4935 1664 5008 annuis
1689 4937 1794 5012 nobis
1819 4941 2012 5019 reddendis

460 5057 556 5130 sicut
580 5054 805 5153 temporibus
830 5055 991 5153 antiquis
1017 5054 1185 5129 allocacio
1212 5053 1291 5129 fieri
1316 5056 1456 5132 solebat
1472 5058 1517 5132 de
1535 5059 1658 5135 eadem
1677 5086 1742 5159 per
1765 5075 1907 5140 nostros
1930 5094 2012 5167 pre·

462 5181 663 5256 decessores
680 5181 901 5254 camerarios.
955 5179 1000 5254 In
1026 5181 1129 5255 cuius
1145 5181 1198 5255 rei
1215 5181 1465 5256 testimonium
1489 5186 1718 5282 presentibus
1734 5190 1838 5265 vobis
1859 5195 2012 5270 ostensis

460 5319 498 5382 et
514 5332 625 5406 penes
642 5305 823 5404 predictos
840 5305 970 5380 frames
986 5307 1205 5382 remansuris
1231 5307 1392 5406 sigillum
1409 5319 1574 5384 nostrum
1595 5309 1747 5388 fecimus
1764 5317 1898 5415 apponi
1915 5344 2011 5395 anno

462 5433 522 5510 die
539 5443 577 5509 et
592 5431 672 5508 loco
688 5430 914 5530 supradictis.
