5138 6694
667 845 887 912 CHARTERS
909 844 963 910 OF
984 845 1068 912 THE
1089 845 1240 911 rullus
1260 847 1506 912 Passennus
1528 847 1581 912 OF
1601 847 1698 912 AYR„
1913 851 1953 913 95

412 1046 542 1137 quarta
565 1034 871 1136 pontificatusque
888 1033 1108 1108 sanctissimi
1124 1035 1163 1108 in
1181 1035 1324 1110 Christo
1341 1037 1455 1135 patris
1472 1045 1509 1111 et
1526 1034 1665 1110 domini
1682 1037 1798 1110 nostri
1814 1035 1955 1110 domini

413 1162 519 1238 Pauli
535 1163 660 1238 divina
676 1159 905 1260 providentia
921 1158 1021 1258 Pape
1046 1159 1142 1260 tertij
1171 1187 1267 1236 anno
1292 1161 1448 1260 septimo
1468 1162 1507 1236 in
1524 1161 1597 1236 mei
1613 1161 1743 1260 notarij
1763 1161 1900 1260 publici
1917 1171 1956 1236 et

411 1287 563 1364 testium
575 1285 860 1385 subscriptorum
876 1283 1057 1383 presentia
1072 1285 1310 1382 personaliter
1326 1286 1547 1362 constitutus
1560 1286 1654 1374 Quia
1663 1285 1817 1386 juridice
1828 1311 1952 1361 secun-

412 1413 502 1490 dum
530 1411 831 1488 consuetudinem
863 1409 971 1508 burgi
996 1407 1042 1483 de
1066 1409 1153 1484 Aire
1178 1409 1274 1484 ultra
1299 1411 1509 1486 memoriam
1530 1410 1721 1487 hominum
1746 1412 1954 1486 omnimodo

410 1537 632 1614 laudabilem
648 1535 833 1637 quoddam
858 1543 1109 1610 tenementum
1125 1537 1310 1635 quondam
1326 1537 1437 1612 Alani
1462 1537 1629 1636 Boyman
1649 1537 1775 1637 jacens
1800 1538 1840 1612 in
1856 1537 1955 1614 dicto

410 1663 527 1764 burgo
551 1664 647 1738 inter
671 1669 922 1738 tenementum
946 1659 1131 1760 quondam
1156 1659 1301 1738 Andree
1326 1662 1463 1764 Legata
1481 1663 1527 1738 ab
1547 1689 1622 1738 una
1640 1674 1678 1738 et
1703 1674 1955 1740 tenementum

411 1788 586 1865 Willelmi
603 1788 857 1864 Williamsoun
873 1785 920 1860 ab
937 1785 1050 1860 altera
1075 1785 1239 1885 partibus
1264 1787 1428 1888 legitime
1444 1799 1591 1863 vastum
1616 1789 1836 1865 destitutum
1853 1801 1891 1864 et
1908 1789 1955 1866 ad

411 1914 530 1992 solum
554 1923 776 2014 prostratum
801 1911 921 1987 fuerat
945 1909 1138 2010 probatum
1164 1912 1262 2010 apud
1288 1924 1370 1988 acta
1394 1915 1507 1989 trium
1532 1915 1713 1990 curiarum
1743 1916 1955 2015 capitalium

413 2041 505 2118 dicti
528 2040 635 2140 burgi
659 2039 705 2114 ob
730 2062 804 2113 non
829 2037 1047 2112 solutionem
1072 2046 1154 2111 octo
1171 2037 1368 2113 solidorum
1385 2040 1522 2115 usualis
1546 2052 1691 2116 monete
1716 2043 1818 2142 regni
1836 2042 1956 2120 Scotie

413 2167 526 2244 annui
537 2166 702 2242 redditus
719 2163 908 2240 annuatim
920 2162 1036 2239 debiti
1053 2161 1098 2238 de
1115 2163 1241 2238 eodem
1255 2163 1372 2240 Priori
1389 2175 1426 2240 et
1443 2167 1638 2240 conventui
1650 2166 1819 2242 Fratrum
1832 2167 1956 2243 Predi-

413 2301 576 2368 eatorum
605 2291 696 2367 dicti
725 2289 830 2390 burgi
856 2289 905 2364 Et
935 2288 1184 2364 adiudicatum
1210 2288 1331 2364 fuerat
1355 2289 1452 2365 idem
1477 2299 1729 2366 tenementum
1754 2292 1793 2367 in
1827 2304 1958 2393 quarta

412 2419 513 2495 curia
529 2427 632 2492 tenta
648 2417 687 2492 in
703 2415 861 2515 pretorio
877 2414 968 2490 dicti
984 2413 1091 2514 burgi
1107 2422 1193 2511 post
1216 2413 1359 2512 lapsum
1376 2413 1618 2516 quadraginta
1634 2417 1774 2492 dierum
1791 2429 1828 2492 et
1845 2417 1956 2494 ulter-

412 2544 470 2620 ius
483 2569 505 2619 a
521 2542 667 2642 publica
682 2540 964 2641 proclamatione
982 2539 1143 2615 eiusdem
1159 2563 1225 2637 per
1241 2565 1281 2613 os
1297 2538 1322 2614 J
1323 2541 1476 2616 ohannis
1492 2541 1586 2640 Boyl
1602 2541 1792 2641 burgensis
1809 2543 1957 2620 sectoris

412 2695 476 2746 seu
489 2668 703 2770 judicatorio
725 2667 840 2767 jurati
865 2666 1016 2741 indicta
1032 2665 1132 2740 euna
1151 2662 1318 2741 debuisse
1342 2665 1559 2742 hereditarie
1579 2668 1706 2742 donari
1730 2693 1796 2768 per
1820 2679 1957 2745 statum

412 2805 451 2870 et
467 2795 638 2870 saisinam
659 2792 843 2892 premissis
860 2817 906 2867 ex
923 2791 1040 2866 causis
1057 2791 1165 2867 dictis
1181 2791 1293 2890 priori
1310 2803 1348 2868 et
1364 2793 1560 2868 couventui
1584 2793 1852 2892 imperpetuum
1870 2794 1957 2872 Ideo

412 2921 580 2996 omnibus
597 2929 635 2995 et
651 2918 804 3019 singulis
821 2917 1028 2992 huiusmodi
1044 2919 1113 2994 rite
1130 2919 1281 3017 prolatis
1298 2928 1336 2995 et
1352 2917 1474 2993 debite
1499 2928 1543 2993 ut
1559 2918 1787 3018 premittitur
1802 2919 1957 3018 peractis

411 3046 596 3148 premissis
612 3045 730 3120 causis
748 3054 785 3119 et
801 3044 881 3118 aliis
894 3044 1089 3145 exigenciis
1105 3045 1196 3120 satis
1213 3045 1381 3146 congruis
1398 3053 1590 3142 postquam
1608 3043 1706 3118 dicta
1723 3044 1822 3119 curia
1838 3044 1958 3121 fuerat

412 3172 591 3249 dissoluta
615 3170 750 3272 probus
777 3171 834 3244 vir
864 3169 1070 3270 Stephanus
1097 3169 1277 3246 Prestoun
1302 3194 1396 3244 unus
1421 3168 1638 3244 ballivorum
1663 3169 1754 3244 dicti
1778 3169 1886 3272 burgi
1911 3171 1957 3248 de

411 3298 499 3374 Aire
518 3323 584 3398 pro
601 3307 763 3395 tempore
788 3305 926 3370 statum
949 3305 986 3370 et
1012 3297 1182 3372 saisinam
1206 3295 1461 3372 hereditariam
1486 3320 1528 3369 ae
1552 3296 1810 3394 possessionem
1837 3322 1958 3398 corpo·

411 3424 524 3500 ralem
546 3423 726 3498 actualem
744 3431 781 3497 et
797 3421 930 3496 realem
945 3421 1060 3496 totius
1077 3433 1115 3498 et
1135 3422 1269 3524 integri
1285 3420 1460 3497 antedicti
1478 3421 1677 3496 tenementi
1689 3432 1767 3496 tam
1783 3422 1822 3497 in
1838 3423 1959 3500 ironte

412 3575 522 3649 quam
555 3549 595 3622 in
620 3546 736 3624 cauda
761 3571 844 3621 eum
877 3546 1106 3645 pertinentiis
1131 3546 1235 3621 fratri
1268 3546 1293 3620 J
1293 3545 1428 3621 ohanni
1455 3545 1614 3621 Litstare
1638 3546 1750 3646 priori
1775 3547 1957 3624 dictorum

411 3675 565 3750 fram-um
581 3673 725 3773 petenti
738 3673 918 3772 judicium
935 3697 1043 3771 super
1059 3673 1186 3748 eodem
1203 3674 1351 3748 nomine
1367 3673 1483 3748 totius
1500 3683 1701 3746 conventus
1718 3673 1808 3747 dicti
1824 3674 1894 3750 loci
1911 3673 1959 3751 ad

410 3809 623 3902 perpetuam
656 3798 944 3898 permanentiam
974 3824 1057 3873 oum
1083 3799 1191 3874 dictis
1214 3799 1332 3898 priore
1358 3809 1395 3875 et
1421 3807 1604 3873 conventu
1629 3823 1671 3872 ac
1695 3798 1957 3878 successoribus

412 3927 487 4004 suis
502 3937 679 4025 tanquam
695 3924 958 4024 patrimonium
974 3923 1044 3998 loci
1062 3922 1259 3999 eorundem
1275 3949 1341 4023 per
1356 3933 1451 3998 terre
1469 3933 1507 3998 et
1522 3923 1656 4023 lapidis
1673 3924 1833 4000 eiusdem
1850 3925 1957 4002 fundi

411 4051 647 4127 traditionem
663 4059 707 4124 ut
723 4049 832 4122 moris
849 4057 905 4123 est
921 4047 1026 4124 dedit
1042 4059 1080 4124 ct
1096 4047 1311 4124 deliberavit
1331 4049 1600 4149 imperpetuum
1617 4049 1718 4124 saluo
1739 4049 1821 4150 jure
1839 4052 1957 4127 cuius·

411 4175 501 4252 libet
519 4175 635 4273 Super
658 4174 789 4274 quibus
805 4197 892 4248 vcro
918 4174 1086 4250 omnibus
1112 4184 1150 4249 et
1166 4175 1318 4275 singulis
1335 4175 1386 4249 sic
1403 4175 1585 4273 premissis
1601 4173 1721 4250 dictus
1737 4176 1836 4274 prior
1852 4202 1875 4251 a
1898 4202 1958 4254 me

411 4301 554 4377 notario
570 4299 717 4399 publico
734 4297 936 4398 subscripto
957 4299 1066 4398 petiit
1089 4299 1375 4376 instrumentum
1392 4325 1507 4374 unum
1524 4311 1588 4375 aut
1613 4299 1719 4401 plura
1734 4299 1829 4375 Acta
1855 4312 1958 4378 erant

411 4427 478 4502 hec
495 4451 602 4525 super
615 4424 732 4499 solum
749 4423 840 4498 dicti
856 4425 1056 4500 tenementi
1072 4425 1162 4500 hora
1179 4436 1311 4525 quarta
1325 4435 1410 4525 post
1427 4425 1613 4500 meridiem
1630 4425 1689 4501 vel
1707 4451 1749 4501 ea
1766 4426 1859 4501 circa
1875 4451 1955 4526 pre·

411 4551 575 4628 sentibus
603 4549 740 4625 ibidem
772 4549 940 4626 «Iohanne
973 4550 1175 4651 Dalrimple
1208 4551 1347 4625 Thoma
1380 4549 1563 4651 Kennedy
1595 4551 1762 4628 Johanne
1795 4552 1958 4632 Kessane

411 4678 436 4754 J
437 4677 579 4753 ohanna
604 4675 787 4775 Kennedy
804 4685 842 4751 ct
858 4674 1041 4750 Willelmo
1058 4675 1256 4752 Gauldwell
1276 4701 1360 4750 cum
1377 4676 1531 4752 diversis
1547 4677 1628 4753 aliis
1644 4676 1798 4754 testibus
1816 4679 1863 4755 ad
1879 4704 1958 4779 pre-

411 4804 522 4878 missa
537 4801 676 4877 vocatis
692 4801 828 4900 pariter
844 4811 883 4877 et
898 4801 1044 4900 rogatis.

488 5028 538 5104 Et
554 5052 622 5127 ego
638 5051 725 5101 vero
752 5025 931 5102 chrious
955 5026 1136 5103 Prestoun
1161 5025 1310 5102 clericus
1335 5025 1570 5132 Glasguensis
1586 5031 1738 5141 diocesis
1757 5057 1857 5110 sacra
1874 5059 1958 5112 auc·

560 5153 709 5230 toritate
726 5151 924 5253 apostoliea
939 5153 1102 5230 notarius
1115 5152 1293 5254 publicus,
1307 5164 1374 5232 etc
