5142 6684
723 813 943 878 OHARTERS
966 813 1019 878 OF
1039 813 1125 876 Tun
1145 811 1297 876 PRIARS
1318 811 1565 876 PREAOHERS
1587 811 1641 875 OF
1661 810 1758 876 AYR.
1969 817 2010 877 33

463 1009 691 1086 concedimus
707 1009 806 1110 quod
822 1009 892 1110 ipsi
908 1009 1092 1109 perpetuis
1108 1008 1242 1084 futuris
1258 1009 1482 1108 temporibus
1498 1035 1564 1108 pro
1581 1011 1846 1086 sustentacionc
1864 1010 2010 1086 ecclesie

460 1146 500 1212 et
516 1135 705 1212 domorum
721 1161 869 1211 suarum
885 1135 1089 1235 percipiant
1106 1135 1295 1210 annuatim
1311 1135 1533 1234 predicatam
1550 1162 1730 1212 summam
1746 1136 1880 1238 viginti
1901 1136 2010 1210 libra·

460 1287 543 1337 rum
565 1263 820 1363 sterlingorum
836 1261 882 1336 dc
906 1261 1034 1360 primis
1050 1259 1165 1336 firmis
1190 1261 1266 1336 sive
1284 1261 1440 1360 denarijs
1457 1263 1696 1361 percipiendis
1713 1273 1778 1338 aut
1803 1289 1874 1362 que
1890 1262 2008 1361 primo

458 1387 597 1487 percipi
612 1397 786 1488 poterunt
802 1387 847 1462 de
864 1386 980 1487 burgo
996 1397 1034 1462 et
1056 1386 1264 1460 molendino
1281 1386 1327 1460 de
1343 1385 1417 1462 Are
1434 1387 1605 1485 predictis
1623 1387 1670 1462 ad
1686 1389 1860 1464 terminos
1877 1387 2009 1462 Pente·

459 1525 575 1590 costes
601 1525 638 1590 et
656 1513 781 1590 Sancti
798 1513 950 1588 Martini
974 1513 1014 1587 in
1038 1537 1143 1610 yeme
1161 1537 1226 1611 per
1250 1512 1434 1610 portiones
1451 1512 1594 1612 equales
1618 1513 1707 1588 adeo
1724 1514 1834 1589 libere
1859 1505 2007 1613 pacifice

457 1651 496 1716 et
529 1642 653 1742 quieto
685 1641 726 1714 in
759 1638 927 1714 omnibus
965 1647 1003 1712 et
1036 1663 1102 1736 per
1134 1638 1257 1712 omnia
1290 1638 1385 1712 sicut
1427 1638 1565 1736 prefate
1606 1639 1710 1714 litere
1743 1639 1834 1714 dicti
1867 1639 2007 1713 domini

456 1767 517 1842 avi
541 1767 658 1841 nostri
682 1765 722 1839 in
745 1790 784 1840 sc
810 1763 958 1838 liberius
987 1763 1083 1838 iuste
1110 1763 1299 1838 continent
1325 1773 1363 1837 et
1389 1773 1614 1862 proportant
1669 1764 1787 1853 Quare
1813 1765 2007 1838 camerario

454 1901 577 1966 nostro
595 1901 633 1966 ct
649 1891 827 1966 ministris
843 1889 978 1964 nostris
994 1889 1058 1988 qni
1074 1915 1140 1988 pro
1157 1898 1319 1987 tempore
1336 1889 1473 1965 fuerint
1491 1889 1620 1964 damus
1635 1899 1761 1965 tenore
1778 1890 2006 1989 presencium

453 2016 608 2092 firmiter
622 2017 662 2092 in
679 2015 861 2090 mandatis
885 2013 984 2114 quod
1008 2014 1166 2113 prefatas
1191 2014 1326 2113 viginti
1351 2015 1462 2088 libras
1488 2015 1622 2089 eisdem
1648 2016 1825 2116 religiosis
1850 2017 1913 2114 qui
1938 2041 2006 2116 pro

452 2153 616 2242 tempore
642 2143 781 2218 fuerint
807 2141 961 2216 indilate
988 2150 1026 2215 et
1052 2139 1130 2214 sine
1157 2138 1372 2214 difficultate
1399 2141 1610 2239 persolvant
1639 2141 1745 2215 annis
1774 2141 1927 2242 singulis
1958 2141 2003 2217 ad

451 2270 625 2344 terminos
638 2268 865 2367 supradictos
878 2291 968 2366 quas
980 2266 1120 2366 prefato
1138 2266 1332 2341 camerario
1349 2277 1474 2341 nostro
1491 2277 1529 2341 et
1546 2267 1721 2341 ministris
1740 2267 1814 2342 suis
1831 2267 2005 2367 predictis

449 2395 490 2470 in
507 2395 683 2494 compotis
695 2393 771 2468 suis
785 2393 915 2467 annuis
928 2391 974 2466 de
986 2391 1100 2465 firmis
1114 2391 1309 2465 eorundem
1326 2391 1433 2490 burgi
1450 2402 1488 2466 et
1504 2392 1794 2467 molendinorum
1810 2393 2005 2468 reddendis

448 2521 617 2597 volumus
644 2530 682 2596 et
708 2519 927 2619 precipimus
949 2543 1015 2616 per
1039 2525 1224 2616 presentes
1254 2517 1397 2615 plenius
1423 2517 1577 2592 allocari.
1631 2518 1677 2592 In
1704 2519 1807 2593 cuius
1831 2521 1883 2593 rei
1900 2520 2001 2594 testi·

448 2647 613 2722 monium
646 2645 714 2720 has
742 2645 867 2719 literas
896 2653 1038 2718 nostras
1071 2652 1245 2742 perpetuo
1280 2643 1472 2718 duraturas
1506 2643 1680 2742 predictis
1713 2643 1890 2745 religiosis
1923 2645 2003 2720 fieri

446 2771 598 2847 fecimus
614 2779 783 2871 petentes
800 2769 898 2868 apud
915 2769 989 2844 Are
1005 2769 1179 2844 vicesimo
1196 2768 1354 2843 secundo
1372 2768 1430 2844 die
1447 2769 1581 2844 mensis
1605 2768 1772 2844 Octobris
1788 2796 1883 2845 anno
1900 2772 2001 2871 regni

447 2897 563 2972 nostri
586 2907 700 2972 sexto.
755 2895 853 2984 Quas
871 2895 1019 2993 quidem
1038 2906 1156 2969 cartas
1181 2893 1469 2993 donacionesque
1486 2903 1524 2969 et
1538 2896 1783 2970 concessiones
1808 2896 1849 2970 in
1866 2897 2002 2972 eisdem

447 3031 635 3098 contentas
660 3023 700 3097 in
726 3020 896 3096 omnibus
920 3021 1068 3120 punctis
1093 3019 1169 3095 suis
1195 3029 1233 3094 et
1258 3020 1421 3095 articulis
1448 3020 1719 3096 condicionibus
1748 3032 1785 3096 et
1810 3023 1929 3098 modis
1959 3050 2001 3100 ac

446 3147 733 3247 circumstancijs
750 3147 825 3222 suis
842 3147 1118 3245 quibuscunque
1144 3145 1261 3220 forma
1285 3147 1423 3245 pariter
1440 3157 1477 3220 et
1494 3147 1624 3222 effectu
1641 3149 1680 3222 in
1698 3148 1866 3223 omnibus
1883 3160 1921 3224 et
1936 3175 2002 3249 per

445 3274 568 3350 omnia
593 3273 834 3374 approbamus
859 3270 1081 3346 ratificamus
1098 3279 1136 3344 et
1152 3295 1218 3369 pro
1234 3269 1339 3345 nobis
1364 3280 1402 3345 et
1418 3296 1483 3369 pro
1496 3271 1688 3346 heredibus
1711 3273 1845 3348 nostris
1861 3285 1904 3349 ut
1920 3301 2000 3374 pre-

445 3401 597 3476 missum
615 3411 671 3475 est
688 3401 959 3499 imperpetuum
976 3397 1239 3473 confirmamus.
1294 3397 1340 3472 In
1357 3398 1461 3472 cuius
1485 3399 1538 3473 rei
1563 3398 1815 3473 testimonium
1839 3403 2000 3498 presenti

445 3537 542 3603 carte
570 3536 694 3601 nostre
720 3524 1006 3600 confirmacionis
1035 3533 1202 3598 nostrum
1234 3524 1454 3624 precipimus
1485 3525 1620 3624 apponi
1649 3525 1811 3625 sigillum
1844 3528 1999 3603 testibus

443 3652 711 3729 venerabilibus
727 3651 767 3725 in
784 3649 930 3726 Christo
952 3649 1117 3749 patribus
1141 3647 1301 3724 Woltero
1327 3660 1365 3725 et
1390 3650 1540 3725 Matheo
1565 3650 1823 3726 Sanctiandree
1841 3663 1878 3726 et
1895 3652 1998 3730 Glos-

443 3779 589 3880 guensis
606 3777 838 3853 ecclesiarum
859 3775 1037 3874 episcopis
1057 3775 1215 3850 Robcrto
1240 3776 1374 3850 comite
1391 3776 1436 3850 de
1453 3775 1517 3850 Fif
1539 3785 1577 3850 et
1601 3776 1647 3850 de
1672 3776 1863 3852 Mencteth
1886 3778 1998 3855 fratrc

442 3915 566 3980 nostro
584 3903 767 3980 carissimo
784 3900 1006 3976 Archibaldo
1032 3901 1164 3975 comite
1181 3901 1227 3974 de
1243 3899 1406 4000 Douglas
1423 3901 1570 3977 domino
1588 3903 1634 3977 de
1651 3901 1831 3979 Galwidia
1848 3931 1997 3981 consan-

442 4031 577 4132 guineo
592 4029 729 4105 Jacobo
747 4029 792 4104 de
809 4027 972 4128 Douglas
997 4026 1144 4101 domino
1161 4025 1209 4100 de
1233 4025 1394 4101 Dclketh
1420 4025 1558 4103 Thoma
1583 4028 1629 4103 de
1654 4029 1821 4128 Erslryne
1846 4057 1995 4106 consan-

441 4156 583 4258 guineis
608 4156 741 4230 nostris
766 4154 908 4229 dilectis
933 4137 1112 4227 militibus
1142 4162 1180 4226 et
1205 4151 1413 4226 Alexandro
1441 4153 1486 4227 de
1513 4153 1705 4229 Ookburne
1734 4155 1780 4230 de
1807 4157 1996 4258 Langtone

442 4281 590 4358 custode
602 4281 727 4381 magni
743 4279 854 4380 sigilli
870 4279 987 4354 nostri
1003 4277 1102 4377 apud
1120 4276 1273 4352 Scenam
1294 4275 1509 4352 duodecima
1525 4279 1585 4354 die
1600 4281 1735 4355 mensis
1751 4281 1879 4382 Marcij
1899 4309 1995 4360 anno

440 4407 544 4507 regni
557 4407 673 4482 nostri
689 4405 817 4505 primo.

1119 4556 1322 4633 Ansrnscr.

517 4763 778 4840 Confirmation
802 4761 854 4860 by
875 4759 1012 4835 Robcrt
1036 4758 1121 4850 lII.,
1148 4757 1251 4858 King
1276 4759 1317 4834 01
1339 4760 1452 4850 Scots,
1487 4761 1528 4835 01
1552 4759 1607 4861 (1)
1632 4761 1785 4838 Charter
1812 4765 1864 4864 by
1893 4767 1996 4868 King

440 4891 577 4966 Robcrt
596 4890 661 4964 the
686 4889 812 4978 Bmce,
838 4885 1018 4984 whcrcby‚
1036 4885 1093 4958 for
1108 4884 1171 4958 the
1196 4885 1286 4960 weal
1312 4886 1353 4960 01
1373 4887 1430 4961 his
1446 4886 1535 4978 soul,
1564 4889 1637 4963 and
1661 4889 1725 4964 the
1749 4891 1847 4966 souls
1873 4892 1914 4966 01
1938 4893 1995 4968 his

440 5025 622 5090 ancestors
635 5014 709 5088 and
721 5037 930 5102 suecessors‚
944 5011 1054 5110 kings
1067 5009 1108 5085 01
1122 5009 1305 5103 Scotland,
1324 5011 1370 5086 he
1386 5023 1513 5112 grants
1529 5023 1569 5088 10
1586 5015 1649 5090 the
1665 5015 1786 5092 Friars
1802 5017 1995 5094 Preachers

440 5141 482 5216 01
494 5139 573 5238 Ayr
588 5140 671 5214 that
694 5138 784 5236 they
801 5163 888 5236 may
903 5137 1018 5235 freely
1033 5135 1142 5236 grind
1158 5136 1255 5210 their
1270 5137 1374 5236 grain
1391 5137 1432 5210 01
1446 5139 1629 5214 whatever
1641 5150 1717 5215 sort
1733 5167 1923 5240 necessary
1938 5143 1995 5218 for

439 5265 526 5341 food
542 5275 582 5341 at
598 5265 655 5340 his
671 5263 770 5339 mills
787 5260 829 5337 01
840 5261 932 5360 Ayr,
950 5261 1108 5336 without
1123 5261 1293 5351 multura,
1311 5260 1384 5336 and
1400 5263 1483 5338 that
1500 5265 1539 5338 in
1555 5264 1619 5338 the
1636 5265 1715 5340 mill
1732 5267 1822 5366 they
1838 5267 1931 5342 shall
1947 5269 1993 5344 be

439 5417 565 5468 nearer
580 5401 620 5467 to
640 5391 704 5466 the
720 5389 812 5487 king
828 5388 920 5462 than
938 5386 1058 5462 others
1075 5387 1116 5460 in
1132 5387 1196 5461 the
1215 5387 1371 5462 foresaid
1393 5389 1513 5476 mills;
1540 5389 1652 5465 dated
1668 5401 1707 5465 at
1723 5391 1990 5486 Inchemichell,

1207 5534 1230 5586 r
