5142 6684
674 835 894 902 CHARTERS
916 837 969 902 OF
990 837 1076 902 THE
1098 835 1250 902 FRIARS
1271 837 1519 904 PREAOHERS
1540 837 1594 902 OF
1615 837 1711 902 AYR
1946 839 1963 900 7

415 1079 446 1152 7.
478 1071 746 1172 Oocflrrrrotioo
762 1071 808 1174 by
824 1073 929 1172 Kiay
944 1069 1076 1148 David
1092 1071 1146 1150 ll.
1166 1071 1212 1173 of
1228 1073 1386 1150 ctrorra
1404 1073 1450 1174 by
1466 1073 1572 1173 Kioy
1587 1071 1724 1150 Robert
1750 1073 1807 1150 tlte
1824 1073 1960 1167 Broce,

478 1199 526 1298 of
534 1199 615 1275 120
632 1197 763 1299 yearly
780 1213 816 1276 to
834 1199 892 1276 the
909 1197 1047 1276 Fraore
1062 1199 1268 1277 Proocbcra
1285 1201 1331 1300 of
1339 1197 1593 1302 Apa-[sota
1609 1199 1707 1276 June
1727 1206 1788 1275 15ο
1804 1197 1895 1302 Aa]

488 1400 613 1476 David
629 1400 701 1475 Dei
716 1399 837 1501 gracia
854 1399 933 1474 Rex
950 1399 1158 1476 Scottorum
1176 1401 1353 1477 Omnibus
1370 1401 1493 1501 probis
1509 1401 1717 1478 hominibus
1734 1405 1850 1479 tocius
1866 1415 1961 1481 terre

412 1550 476 1601 sue
493 1525 631 1600 clericis
648 1535 686 1600 et
703 1525 817 1623 laycis
834 1524 989 1600 salutem
1041 1525 1172 1602 Sciatis
1189 1553 1255 1602 nos
1270 1528 1470 1628 inspexisse
1488 1553 1529 1602 ac
1546 1529 1722 1603 veraciter
1738 1529 1960 1608 intellexisse

411 1659 551 1725 cartam
568 1649 662 1726 clare
678 1649 849 1725 memorie
865 1649 1006 1724 domini
1022 1653 1264 1750 progenitoris
1281 1653 1397 1729 nostri
1413 1677 1487 1727 non
1504 1653 1678 1728 abolitam
1695 1681 1769 1730 non
1786 1658 1959 1733 cancella·

410 1787 488 1850 tam
518 1802 583 1851 nee
610 1777 650 1850 in
678 1776 800 1876 aliqua
829 1775 887 1850 sui
915 1787 1019 1875 parte
1044 1777 1215 1853 viciatam
1241 1779 1281 1853 in
1305 1778 1372 1854 hec
1397 1777 1508 1854 verba
1537 1777 1718 1854 Robertus
1743 1779 1814 1856 Dei
1839 1784 1960 1882 gracia

410 1927 474 1977 rex
491 1901 699 1978 Scottorum
724 1901 891 1976 omnibus
915 1903 1037 2002 probis
1060 1904 1270 1979 bominibus
1290 1905 1408 1979 tocius
1433 1915 1527 1980 terre
1554 1929 1619 1980 sue
1645 1906 1800 1981 salutem
1828 1908 1959 1984 Sciatis

410 2052 476 2102 nos
492 2052 558 2126 pro
575 2027 692 2103 salute
715 2027 835 2102 anime
861 2039 984 2103 nostre
1011 2040 1048 2103 et
1074 2054 1140 2128 pro
1168 2029 1285 2104 salute
1312 2031 1514 2104 animarum
1541 2041 1806 2106 antecessorum
1824 2043 1861 2108 et
1878 2060 1957 2111 suc-

410 2178 590 2228 cessorum
602 2163 808 2228 nostrorum
824 2179 952 2254 regum
969 2152 1092 2229 Scocie
1108 2153 1251 2230 dedisse
1268 2155 1483 2230 concessisse
1501 2167 1539 2230 et
1554 2181 1620 2256 per
1635 2169 1819 2257 presentes
1835 2159 1959 2236 literas

409 2289 550 2354 nostras
568 2277 798 2354 confirmasse
810 2279 988 2378 religiosis
1004 2279 1093 2354 viris
1110 2278 1227 2354 Priori
1244 2289 1282 2354 et
1299 2280 1496 2355 conventui
1515 2280 1669 2356 fratum
1688 2281 1958 2361 Predicatorum

407 2404 455 2480 de
472 2405 545 2480 Are
562 2405 696 2505 viginti
712 2404 822 2479 libras
839 2403 1096 2504 sterlingorum
1112 2402 1159 2478 de
1175 2403 1373 2479 elemosina
1389 2415 1513 2480 nostra
1529 2406 1676 2506 speciali
1691 2431 1758 2507 pro
1777 2419 1956 2486 sustenta-

408 2531 512 2608 cione
537 2531 684 2607 ecclesie
709 2541 747 2606 et
772 2529 964 2606 domorum
992 2554 1142 2604 suarum
1171 2529 1420 2629 percipiendas
1449 2528 1520 2605 sibi
1546 2532 1737 2606 annuatim
1759 2533 1804 2608 de
1829 2537 1957 2634 primis

407 2655 522 2732 firmis
548 2656 839 2732 molendinorum
855 2665 1061 2729 nostrorum
1078 2663 1116 2728 et
1140 2652 1249 2754 burgi
1273 2655 1391 2729 nostri
1416 2654 1462 2731 de
1479 2656 1553 2732 Are
1569 2657 1618 2731 ad
1633 2659 1807 2734 terminos
1824 2659 1957 2738 Pente·

408 2793 525 2858 costes
543 2793 581 2858 et
597 2782 715 2858 sancti
738 2780 890 2856 Martini
906 2780 946 2854 in
962 2779 1094 2878 hyeme
1119 2803 1186 2878 pro
1203 2778 1323 2878 equali
1339 2781 1508 2878 porcione
1524 2807 1590 2881 per
1605 2807 1735 2858 manus
1761 2784 1954 2888 Oamerarij

406 2908 522 2984 nostri
556 2907 678 2983 Scocie
711 2916 749 2982 et
782 2905 1032 2980 ministrorum
1066 2929 1215 2980 suorum
1247 2906 1313 3006 qui
1346 2931 1413 3006 pro
1447 2915 1610 3006 tempore
1643 2907 1780 2984 fuerint
1821 2912 1956 3012 absque

407 3033 530 3133 aliqua
546 3031 833 3108 contradictione
883 3031 929 3105 In
946 3031 1048 3106 cuius
1065 3030 1118 3104 rei
1134 3031 1385 3106 testimonium
1402 3031 1469 3107 has
1484 3032 1608 3108 literas
1625 3045 1765 3109 nostres
1781 3048 1956 3136 perpetuo

406 3158 599 3234 duraturas
625 3157 696 3234 sibi
724 3157 804 3233 fieri
829 3156 980 3232 fecimus
1006 3166 1177 3256 patentes
1203 3157 1303 3256 apud
1332 3157 1478 3233 Gervan
1506 3159 1547 3232 in
1577 3157 1736 3258 Oarrych
1765 3172 1869 3237 sexto
1896 3161 1956 3238 die

406 3283 591 3384 Februarij
608 3309 703 3359 anno
715 3284 819 3384 regni
831 3282 948 3358 nostri
964 3281 1135 3357 vicesimo
1151 3282 1264 3356 tercio
1282 3281 1400 3370 Quam
1411 3281 1559 3382 quidem
1577 3293 1715 3357 cartam
1732 3285 1772 3358 in
1789 3287 1956 3364 omnibus

405 3411 553 3511 punctis
571 3409 732 3485 articulis
749 3407 1023 3484 condicionibus
1041 3417 1079 3482 et
1096 3407 1380 3506 circumstancijs
1396 3407 1472 3482 suis
1488 3407 1604 3483 forma
1620 3411 1757 3508 pariter
1774 3422 1811 3486 et
1823 3411 1955 3489 effectu

406 3561 472 3611 nos
489 3535 613 3611 divine
630 3535 792 3610 caritatis
809 3533 949 3609 intuitu
966 3543 1005 3608 et
1020 3558 1086 3632 pro
1104 3532 1222 3607 salute
1241 3533 1362 3607 anime
1387 3543 1509 3608 nostre
1526 3559 1568 3609 ac
1584 3559 1650 3632 pro
1676 3535 1792 3610 salute
1818 3538 1954 3614 anima·

405 3687 488 3736 rum
517 3671 784 3736 antecessorum
813 3669 851 3734 et
880 3683 1126 3734 successorum
1156 3668 1363 3732 nostrorum
1392 3658 1534 3759 Regum
1560 3659 1684 3736 Scocie
1714 3662 1954 3760 approbamus

404 3787 627 3862 ratificamus
640 3812 682 3861 ac
692 3786 732 3860 in
744 3809 873 3884 puram
885 3795 924 3860 et
939 3795 1152 3884 perpetuam
1170 3783 1403 3858 elemosinam
1416 3783 1670 3860 confirmamus
1721 3785 1766 3860 In
1783 3789 1886 3864 cuius
1902 3792 1955 3865 rei

404 3912 656 3986 testimonium
672 3910 831 4009 presenti
849 3919 947 3984 carte
962 3919 1085 3984 nostre
1101 3908 1263 4007 sigillum
1280 3918 1447 3983 nostrum
1462 3911 1690 4009 precepimus
1704 3914 1839 4012 apponi
1851 3915 1954 3990 testi·

404 4037 473 4113 bus
502 4037 660 4112 Roberto
685 4035 889 4112 Senescallo
910 4035 1032 4110 Scoeie
1057 4043 1189 4133 nepote
1214 4045 1339 4108 nostro
1363 4033 1554 4110 karissimo
1579 4035 1746 4112 Johanne
1769 4038 1955 4141 Ranulphi

404 4163 536 4238 comite
566 4161 730 4237 Moravie
758 4160 906 4236 domino
932 4159 1040 4235 vallis
1071 4159 1241 4235 Anandie
1275 4169 1314 4234 et
1346 4159 1496 4236 Mannie
1530 4163 1796 4262 consanguineo
1830 4178 1953 4243 nostro

404 4289 598 4364 Malcolmo
625 4287 806 4386 Flemyng
825 4285 964 4360 Thema
981 4285 1026 4359 de
1054 4282 1234 4359 Oarnoto¹
1256 4283 1477 4359 Oancellario
1504 4295 1629 4360 nostro
1646 4297 1685 4361 et
1708 4287 1879 4390 Philippo
1907 4292 1953 4368 de

404 4413 584 4489 Meldrom
601 4412 782 4488 militibus
831 4411 944 4511 Apud
960 4409 1087 4486 villam
1104 4409 1150 4484 de
1167 4408 1241 4483 Are
1257 4409 1388 4485 ultimo
1406 4409 1466 4485 die
1481 4409 1507 4486 J
1508 4411 1583 4511 unij
1603 4437 1699 4487 anno
1716 4416 1820 4514 regni
1836 4419 1953 4492 nostri

403 4540 531 4639 quinto
549 4538 700 4614 decimo.

1077 4659 1280 4736 Aasrmcr.

478 4837 740 4914 Confirmation
752 4835 803 4938 hy
817 4835 939 4912 David
957 4836 1020 4911 the
1038 4835 1190 4926 Second,
1207 4835 1310 4936 King
1326 4833 1367 4910 01
1381 4834 1495 4929 Scots,
1510 4834 1626 4912 under
1641 4838 1706 4914 the
1725 4839 1837 4916 Great
1854 4839 1947 4936 Seal,

403 4962 444 5040 01
464 4963 528 5040 the
544 4964 686 5040 charter
701 4963 855 5065 granted
872 4963 923 5064 by
939 4963 1042 5064 King
1058 4961 1196 5038 Robert
1211 4962 1275 5038 the
1292 4961 1409 5037 Bruce
1426 4972 1466 5038 to
1482 4962 1546 5039 the
1570 4965 1670 5064 prior
1694 4966 1767 5040 and
1793 4981 1950 5045 convent

402 5089 444 5165 01
459 5089 523 5165 the
540 5089 661 5164 Friars
677 5087 871 5164 Preachers
888 5088 929 5164 01
942 5087 1031 5186 Ayr,
1051 5085 1092 5162 01
1105 5093 1184 5166 120
1203 5087 1245 5162 01
1258 5087 1431 5188 sterlings
1447 5089 1585 5189 yearly,
1603 5089 1698 5166 from
1714 5091 1777 5166 the
1794 5103 1893 5168 rents
1910 5095 1952 5170 01

402 5215 467 5290 the
482 5213 580 5289 mills
598 5213 639 5290 of
657 5213 721 5290 the
737 5213 856 5316 burgh
873 5213 914 5288 of
927 5213 1016 5311 hyr,
1035 5213 1075 5288 in
1092 5211 1226 5312 special
1250 5211 1352 5304 alms,
1374 5211 1431 5288 for
1446 5213 1511 5290 the
1528 5213 1608 5290 soul
1626 5213 1667 5290 01
1690 5215 1753 5290 the
1769 5216 1869 5318 king,
1888 5217 1945 5294 his

461 5387 472 5424 ¹
493 5393 539 5450 Sir
550 5391 669 5449 Thomas
682 5391 810 5450 Chartam
822 5409 878 5448 uas
891 5390 971 5447 made
984 5389 1147 5448 Chaucellor
1160 5390 1191 5444 in
1207 5394 1294 5460 1342,
1307 5389 1363 5446 and
1376 5389 1441 5447 died
1458 5391 1490 5447 in
1506 5393 1592 5450 1³47.
1635 5391 1792 5450 Oraufurd’s
1808 5396 1906 5468 offlam
1918 5399 1950 5471 os

401 5487 481 5558 aaa,
494 5503 521 5561 p.
540 5490 585 5543 19.
