5138 6694
602 833 642 894 78
856 831 1075 896 carnutas
1096 829 1150 894 OF
1170 831 1256 896 THE
1276 831 1428 896 ramus
1448 833 1694 898 Puaaoflms
1715 835 1769 898 OF
1789 835 1886 898 ΔΥΕ

604 1099 662 1169 53.
689 1091 931 1190 Rauracum
965 1091 1010 1192 ty
1042 1091 1143 1166 John
1176 1089 1397 1181 Mubncdur,
1425 1091 1506 1168 aad
1534 1091 1687 1168 Marion
1716 1091 1873 1194 Mortyu
1902 1093 1959 1169 his
1987 1093 2081 1194 em'sre,
2105 1095 2153 1194 of

753 1216 892 1294 certain
924 1215 1182 1292 Aanualreuts
1210 1215 1252 1289 ia
1264 1216 1409 1316 favour
1433 1217 1554 1315 ‹fftbe
1582 1215 1719 1294 Fn'arr
1744 1218 1950 1296 Proucbere
1974 1221 2023 1321 os
2046 1220 2139 1322 ΑΨ.

803 1342 910 1444 [29tb
927 1341 1140 1444 September
1160 1339 1288 1442 1515.]

679 1546 723 1620 In
740 1545 810 1620 Dei
832 1545 980 1620 nomine
996 1545 1138 1620 Amen:
1165 1543 1236 1618 Per
1250 1544 1319 1618 hoc
1336 1569 1483 1644 presens
1498 1545 1687 1644 publicum
1702 1547 1988 1624 instrumentum
2004 1551 2146 1626 cunctis

603 1683 729 1772 pateat
745 1672 932 1746 evidenter
948 1683 987 1745 ct
1003 1673 1053 1746 sit
1069 1681 1199 1744 notum
1220 1671 1318 1770 quod
1343 1697 1439 1746 anno
1463 1672 1724 1748 incarnacionis
1748 1673 1938 1750 Dominioe
1953 1677 2146 1754 millesimo

603 1798 894 1900 quingentesimo
923 1795 1063 1871 decimo
1092 1797 1221 1895 quinto
1243 1797 1378 1870 mensis
1401 1822 1489 1871 vero
1514 1797 1736 1896 Septembris
1762 1799 1822 1875 die
1851 1803 2024 1878 vicesimo
2048 1829 2146 1879 nono

603 1925 804 2000 indiccione
828 1923 987 1997 secunda
1002 1921 1236 2021 pontificatus
1253 1923 1471 1996 sanctissimi
1486 1923 1527 1996 in
1543 1923 1660 1998 Cristo
1680 1925 1796 2023 pat1is
1812 1937 1849 2001 et
1865 1927 2006 2004 domini
2029 1931 2147 2005 nostri

603 2051 743 2126 domini
759 2049 890 2124 Leonis
907 2074 1001 2148 pape
1018 2047 1150 2122 decimi
1167 2073 1263 2122 anno
1279 2047 1438 2122 secundo
1488 2049 1534 2122 In
1550 2049 1623 2124 mci
1639 2051 1772 2124 notarii
1788 2051 1924 2151 publici
1941 2065 1979 2128 et
1995 2055 2146 2131 mfium

604 2175 915 2274 infrascriptarum
930 2175 1114 2273 presentia
1129 2175 1319 2249 constituti
1335 2173 1360 2248 J
1360 2174 1521 2249 ohannes
1538 2174 1740 2250 Muknedar
1754 2176 1943 2278 burgensis
1968 2179 2076 2280 burgi
2099 2181 2147 2256 de

602 2301 671 2376 Air
686 2313 725 2376 et
741 2302 898 2376 Mariota
914 2301 1087 2398 Martync
1103 2301 1181 2374 eius
1198 2325 1331 2398 sponsa
1345 2326 1421 2374 non
1437 2301 1477 2375 vi
1493 2311 1558 2376 aut
1581 2313 1684 2377 metu
1701 2301 1804 2377 ducti
1819 2328 1886 2378 nec
1911 2330 2028 2380 errore
2052 2306 2147 2404 lapsi

604 2453 668 2503 seu
685 2427 769 2503 dolo
787 2426 1026 2502 circumventi
1043 2425 1108 2499 sed
1125 2425 1200 2500 suis
1217 2425 1326 2499 meris
1342 2427 1444 2524 puris
1459 2426 1581 2502 liberis
1598 2438 1636 2502 et
1661 2428 1869 2526 spontaneis
1893 2429 2147 2506 voluntatibus

605 2581 627 2628 a
644 2579 683 2629 se
699 2564 737 2630 et
753 2552 946 2628 heredibus
962 2551 1037 2626 suis
1055 2575 1198 2624 sursum
1213 2549 1450 2626 rsddidenmt
1464 2577 1624 2652 pureque
1637 2577 1680 2626 ac
1691 2553 1904 2652 simpliciter
1915 2555 2147 2656 resignarunt

603 2680 643 2754 in
659 2677 828 2753 manibus
845 2677 1000 2776 Georgei
1017 2675 1133 2776 lnglis
1157 2677 1268 2751 unius
1285 2676 1502 2752 ballivorum
1517 2676 1624 2778 burgi
1640 2677 1686 2752 de
1703 2677 1777 2753 Are
1801 2704 1867 2777 pro
1893 2689 2056 2780 tempore
2083 2707 2148 2781 per

604 2787 713 2879 unius
730 2803 868 2878 denarii
884 2802 1119 2877 traditionem
1135 2812 1179 2878 ut
1195 2803 1307 2878 moris
1323 2813 1380 2878 est
1398 2803 1641 2904 quadraginta
1656 2803 1822 2878 denarios
1846 2806 1960 2880 annui
1983 2806 2149 2883 redditus

604 2929 795 3004 annuatim
812 2928 968 3004 exeundi
985 2927 1159 3004 levandos
1176 2939 1215 3003 et
1230 2929 1479 3028 percipiendos
1495 2929 1542 3005 de
1557 2939 1635 3004 toto
1653 2940 1691 3004 et
1705 2931 1848 3030 integro
1861 2956 1926 3006 suo
1938 2941 2147 3008 tenemento

604 3082 688 3132 cum
704 3055 937 3155 pertinenciis
952 3053 993 3128 in
1009 3079 1081 3153 quo
1097 3055 1175 3154 ipse
1190 3055 1215 3130 J
1217 3055 1377 3130 ohannes
1393 3081 1491 3129 nunc
1515 3053 1698 3130 inhabitat
1721 3067 1884 3154 tempore
1911 3058 2147 3134 confectionis

604 3181 713 3256 huius
729 3178 907 3278 presentis
924 3178 1158 3254 instrumenti
1171 3179 1318 3279 jacente
1334 3179 1430 3254 infra
1446 3179 1602 3280 burgum
1619 3179 1665 3255 de
1681 3181 1768 3255 Aire
1784 3182 1881 3256 inter
1896 3193 2148 3259 tenementum

604 3305 779 3380 Willelmi
813 3304 971 3405 Hevving
997 3330 1042 3380 ex
1068 3315 1172 3404 purte
1199 3305 1365 3380 orientali
1391 3305 1437 3381 ab
1463 3331 1538 3380 una
1564 3317 1602 3381 et
1627 3332 1743 3381 unum
1770 3306 1871 3382 aliud
1897 3317 2148 3385 tenementum

604 3433 717 3532 ipsius
741 3430 920 3505 Johannis
943 3431 1161 3530 resignantis
1186 3457 1232 3506 ex
1256 3441 1360 3530 parte
1385 3430 1601 3506 occidentali
1623 3443 1794 3530 exparte
1816 3431 1930 3506 altera
1956 3433 2012 3509 Ac
2035 3437 2148 3509 etiam

604 3557 816 3633 immediate
848 3554 947 3630 idem
980 3555 1005 3630 J
1005 3556 1164 3632 ohannes
1199 3555 1401 3631 Maknedar
1429 3557 1580 3632 accessit
1612 3555 1660 3631 ad
1687 3582 1794 3632 sunm
1820 3557 1973 3633 alterum
2006 3559 2148 3634 dictum

602 3695 853 3760 tenementum
869 3682 910 3755 in
926 3706 999 3780 quo
1016 3680 1173 3756 Thomas
1189 3681 1399 3756 Thomsoun
1416 3707 1514 3757 nunc
1535 3680 1719 3756 inhabitet
1734 3693 1896 3780 tempore
1912 3684 2149 3760 confectionis

604 3809 713 3884 huius
729 3807 908 3906 presentis
924 3807 1160 3881 instrumenti
1172 3806 1297 3905 jacens
1314 3807 1354 3880 in
1370 3807 1534 3905 predicto
1550 3806 1666 3907 burgo
1682 3807 1729 3880 de
1746 3807 1819 3882 Are
1843 3809 1940 3882 inter
1963 3810 2149 3908 profatum

605 3935 706 4011 aliud
722 3943 973 4008 tenementum
989 3933 1105 4031 ipsius
1121 3930 1147 4006 J
1147 3932 1300 4006 ohannis
1316 3931 1535 4032 resignantis
1552 3957 1597 4006 ex
1621 3943 1726 4030 parte
1750 3933 1916 4008 orientali
1940 3935 1987 4010 ab
2011 3961 2086 4010 una
2110 3946 2149 4011 et

605 4069 855 4136 tenementum
872 4057 1007 4132 Thome
1024 4056 1156 4158 Layng
1171 4081 1217 4132 ex
1233 4066 1336 4156 parte
1353 4055 1567 4131 occidentali
1582 4055 1749 4156 partibus
1766 4058 1811 4131 ab
1828 4057 1941 4132 altera
1958 4069 1996 4134 et
2012 4059 2149 4135 ibidem

605 4211 749 4260 sursum
765 4181 925 4258 reddidit
941 4206 1102 4280 pureque
1118 4207 1160 4256 ac
1176 4169 1390 4280 simpliciter
1404 4207 1427 4256 a
1448 4207 1487 4256 ee
1511 4191 1550 4256 et
1576 4179 1767 4256 heredibus
1783 4182 1858 4256 suis
1882 4207 1949 4281 pro
1973 4195 2149 4283 perpetuo

606 4310 807 4411 resignavit
839 4307 929 4383 alios
962 4307 1206 4408 quadraginta
1239 4309 1403 4383 denarios
1436 4308 1549 4383 annui
1581 4306 1747 4382 redditus
1773 4309 1963 4382 annuatim
1991 4311 2151 4387 exeundi

606 4435 779 4511 levandos
796 4443 834 4508 et
850 4431 1101 4532 percipiendos
1118 4435 1164 4510 de
1181 4445 1259 4508 toto
1276 4443 1314 4508 ct
1330 4434 1472 4533 integro
1490 4433 1588 4508 dicto
1600 4441 1807 4506 tenemento
1820 4458 1903 4507 cum
1915 4437 2151 4532 pertinenciis

606 4567 646 4640 in
675 4562 843 4638 manibus
868 4563 959 4638 dicti
984 4561 1137 4662 Georgei
1162 4559 1289 4634 ballivi
1314 4558 1453 4648 Quibus
1478 4555 1782 4658 resignationibus
1805 4555 1912 4632 factis
1937 4570 1975 4634 et
1996 4563 2152 4661 receptis

606 4690 705 4766 idem
732 4687 889 4762 ballivus
914 4697 1052 4762 statum
1085 4697 1123 4761 et
1149 4685 1307 4758 susinum
1336 4709 1475 4759 necnon
1501 4681 1634 4757 realem
1660 4681 1839 4756 actualem
1866 4694 1904 4758 et
1930 4688 2150 4785 corporalem

605 4815 868 4916 possessionem
913 4814 1159 4912 predictorum
1200 4809 1355 4883 duorum
1403 4832 1608 4884 annuorum
1649 4804 1858 4881 reddituum
1909 4811 2151 4913 quadraginta

606 4939 837 5016 denariorum
866 4947 904 5011 et
933 4935 1176 5035 quadraginta
1205 4933 1433 5007 denariorum
1458 4931 1704 5006 exeundorum
1737 4930 1973 5008 levandorum
2007 4945 2045 5010 et
2068 4963 2150 5036 per·

605 5057 862 5140 solvendorum
879 5060 925 5135 dc
941 5061 1031 5135 totis
1046 5071 1084 5134 et
1100 5058 1252 5157 integris
1267 5057 1417 5156 prefatis
1434 5055 1575 5130 duobus
1592 5057 1808 5130 tenementis
1821 5083 1904 5131 cum
1916 5060 2151 5156 pertinenciis

604 5192 863 5288 circumspecto
880 5186 1047 5286 religioso
1064 5185 1143 5258 viro
1160 5183 1265 5258 fratri
1281 5182 1307 5257 J
1307 5181 1418 5256 acobo
1435 5179 1568 5281 Young
1584 5180 1695 5279 priori
1711 5179 1782 5255 loci
1798 5180 1967 5258 Fratrum
1983 5185 2151 5264 Predica-

604 5327 726 5392 torum
753 5315 799 5388 de
821 5313 894 5387 Are
929 5321 967 5387 et
998 5306 1296 5386 conventualibus
1329 5304 1491 5380 eiusdem
1524 5305 1594 5380 loci
1623 5305 1768 5404 suisque
1796 5310 2059 5387 successoribus
2085 5340 2152 5413 per

605 5440 744 5518 denarii
761 5437 999 5514 tradicionem
1016 5446 1059 5512 ut
1075 5435 1184 5510 moris
1202 5441 1258 5508 est
1271 5430 1424 5507 donavit
1435 5430 1700 5532 imperpetuum
1743 5431 1792 5505 Et
1808 5431 1876 5506 hoc
1892 5459 1959 5533 pro
1975 5449 2151 5538 perpetuo
