5142 6684
660 817 879 884 CHARTERS
901 817 955 882 OF
975 817 1061 880 THE
1085 815 1237 879 FRldRS
1258 813 1507 879 Paestanus
1529 813 1583 878 OE*
1603 813 1701 878 Ara
1915 819 1957 880 23

409 1021 511 1112 alme,
529 1019 586 1094 for
610 1019 675 1093 the
691 1017 835 1093 wallare
861 1018 902 1093 of
922 1018 985 1092 the
1010 1015 1131 1120 king's
1157 1007 1403 1107 s0u1'‚and0f
1423 1015 1486 1090 the
1509 1016 1607 1091 sauls
1632 1013 1674 1089 of
1694 1013 1752 1090 his
1778 1024 1960 1090 ancestors

409 1147 483 1222 and
509 1169 717 1233 successore,
747 1143 788 1218 ol
810 1151 953 1240 twenty
972 1142 1115 1240 pounds
1132 1141 1172 1216 of
1192 1140 1364 1241 sterlings
1390 1139 1526 1240 yearly,
1544 1150 1584 1215 to
1610 1140 1657 1216 be
1679 1141 1837 1240 uplifted
1862 1141 1957 1216 from

409 1274 474 1350 the
489 1282 588 1348 rents
611 1269 654 1346 of
675 1270 739 1345 the
761 1265 880 1368 king's
902 1267 1000 1341 mille
1023 1267 1097 1342 and
1112 1267 1232 1367 burgh
1255 1266 1296 1342 of
1314 1269 1403 1366 Ayr,
1419 1264 1476 1340 for
1494 1266 1558 1341 the
1570 1267 1822 1342 maintenance
1839 1265 1880 1341 ol
1893 1266 1958 1342 the

410 1398 544 1476 church
561 1396 635 1472 and
650 1396 763 1470 house
783 1393 982 1494 belonging
997 1402 1037 1468 to
1052 1392 1116 1467 the
1132 1391 1211 1467 said
1230 1391 1357 1481 friars3
1381 1390 1448 1465 the
1464 1391 1543 1465 said
1559 1416 1642 1466 sum
1667 1403 1707 1468 to
1733 1393 1779 1469 bs
1804 1394 1892 1493 paid
1907 1392 1959 1492 by

410 1525 474 1600 the
499 1522 618 1624 king's
642 1519 897 1612 chamberlain,
916 1543 957 1594 or
980 1518 1038 1594 his
1063 1528 1238 1610 servants,
1265 1518 1339 1592 and
1363 1516 1539 1592 rendered
1558 1516 1598 1591 in
1626 1516 1691 1593 the
1719 1529 1891 1594 accounts
1921 1518 1963 1592 ol

408 1650 474 1726 the
501 1659 602 1724 rents
629 1646 671 1721 of
692 1646 756 1721 the
784 1645 865 1720 said
887 1644 1005 1746 burgh
1031 1644 1105 1719 and
1121 1644 1227 1720 mills.
1280 1643 1357 1718 The
1381 1642 1506 1718 letters
1532 1667 1592 1718 are
1616 1642 1728 1718 dated
1753 1655 1792 1720 at
1818 1643 1958 1720 Girvan

411 1775 479 1851 oth
496 1773 681 1872 February
701 1778 861 1847 1328-9:
887 1770 952 1846 the
969 1769 1222 1845 confirmation
1239 1780 1278 1844 at
1294 1769 1374 1868 Ayr
1391 1768 1466 1842 aad
1484 1767 1641 1844 October
1659 1771 1766 1848 1376.

430 2042 486 2111 15.
514 2026 675 2108 Attestcd
695 2025 798 2128 Copy
815 2025 860 2126 of
876 2023 1035 2100 &taeter
1052 2023 1097 2122 by
1113 2023 1300 2115 Malacha,
1319 2023 1420 2100 Ecrl
1436 2023 1482 2123 (ff
1500 2022 1654 2123 Wiqtoa,
1674 2038 1709 2102 to
1731 2025 1788 2102 tle
1804 2027 1942 2106 Fatale

571 2153 789 2244 Praestas,
808 2150 855 2251 (ff
867 2150 925 2226 tta
941 2147 1054 2226 laad
1070 2149 1115 2250 (ff
1126 2147 1487 2252 Rappold—[mh
1505 2151 1659 2228 October
1678 2150 1807 2256 1381.]

485 2333 667 2412 Noverint
680 2331 840 2406 universi
852 2339 1038 2430 presentes
1050 2328 1191 2404 litteras
1203 2329 1402 2429 inspecturi
1413 2353 1481 2403 nos
1493 2327 1711 2406 Nicholaum
1728 2331 1774 2407 de
1796 2331 1959 2434 eryne

410 2458 597 2536 officialem
622 2455 720 2532 curie
746 2455 981 2554 Glasguensis
998 2453 1134 2529 vidisse
1158 2463 1196 2530 et
1222 2479 1305 2528 cum
1330 2453 1525 2554 diligencia
1549 2455 1749 2554 inspexisse
1774 2460 1958 2557 quandam

409 2595 546 2662 cartam
579 2581 719 2659 domini
751 2581 937 2656 Malcolmi
971 2579 1154 2680 Flemyng
1187 2579 1331 2655 comitis
1366 2579 1536 2681 Vygtona
1568 2604 1643 2654 non
1676 2581 1850 2658 viciatam
1883 2611 1958 2660 non

410 2710 646 2788 cancellatum
670 2733 744 2782 non
767 2731 887 2782 rasam
911 2731 986 2781 non
1011 2706 1186 2781 abolitam
1203 2715 1260 2780 set
1277 2705 1378 2779 omni
1399 2731 1546 2804 prorsus
1570 2705 1667 2780 vicio
1692 2715 1731 2781 et
1755 2709 1958 2807 suspicione

409 2845 591 2912 carentem
616 2833 838 2909 intellexisse
855 2832 901 2908 dc
918 2831 1029 2907 verbo
1046 2831 1094 2906 ad
1110 2831 1261 2907 verbum
1278 2833 1347 2907 sub
1372 2831 1441 2907 hac
1457 2831 1573 2907 forma
1589 2857 1655 2907 suo
1672 2833 1792 2932 sigillo
1812 2837 1959 2936 proprio

408 2961 604 3062 sigillatam
655 2957 834 3035 Omnibus
854 2958 949 3033 hanc
971 2967 1108 3033 cartam
1124 2957 1256 3033 visuris
1272 2957 1333 3032 vel
1350 2957 1530 3032 audituris
1548 2958 1762 3033 Malcolmus
1778 2957 1959 3062 Flemyng

410 3111 528 3161 comes
540 3086 585 3160 de
599 3085 772 3186 Vygtona
784 3084 940 3159 salutem
957 3084 998 3158 in
1010 3083 1168 3159 Domino
1185 3085 1444 3183 sempiternam
1486 3083 1617 3160 Sciatis
1633 3109 1700 3159 nos
1716 3083 1858 3160 dedisse
1874 3111 1957 3160 con-

410 3212 555 3287 cessisse
573 3237 614 3285 ac
626 3210 786 3309 presenti
803 3220 903 3284 carta
919 3218 1045 3284 nostra
1061 3208 1291 3284 confirmasse
1307 3207 1495 3283 Fratribus
1512 3207 1804 3284 Predicatoribus
1821 3210 1867 3286 dc
1884 3211 1958 3287 Are

409 3339 450 3412 in
475 3363 604 3437 puram
624 3347 662 3412 et
686 3345 900 3436 perpetuam
925 3335 1157 3410 elemosinam
1181 3361 1247 3435 pro
1264 3334 1543 3436 supportacione
1560 3334 1695 3434 capelle
1713 3335 1817 3410 beate
1843 3337 1959 3414 Mario

410 3462 505 3536 infra
534 3461 737 3536 clausuram
762 3459 891 3534 domus
916 3459 1097 3534 dictorum
1127 3460 1282 3535 fratrum
1310 3485 1375 3558 per
1398 3485 1465 3535 nos
1489 3459 1578 3534 alias
1607 3470 1813 3537 constructe
1842 3471 1959 3538 totam

411 3588 512 3662 illam
524 3588 664 3686 peciam
676 3596 770 3660 terre
783 3611 866 3660 cum
882 3585 1116 3683 pertinenciis
1132 3585 1179 3660 de
1192 3583 1374 3684 Duppollc
1391 3609 1461 3683 que
1479 3595 1557 3659 erat
1577 3584 1761 3683 quondam
1780 3585 1805 3661 J
1806 3586 1959 3664 ohannis

411 3713 457 3789 dc
474 3713 697 3812 Kylmernoc
720 3710 815 3786 infra
832 3736 978 3810 campos
995 3710 1103 3810 burgi
1120 3709 1166 3786 de
1182 3710 1256 3786 Are
1273 3710 1482 3786 Tenendam
1500 3720 1537 3786 et
1559 3709 1763 3787 habendam
1785 3713 1960 3812 predictis

410 3839 584 3916 fratribus
600 3865 623 3912 a
639 3837 742 3912 nobis
759 3848 797 3912 et
812 3835 1004 3912 heredibus
1021 3837 1155 3911 nostris
1179 3835 1449 3936 imperpetuum
1477 3861 1543 3936 per
1559 3861 1683 3912 omnes
1699 3847 1815 3913 rectas
1843 3849 1959 3916 metas

412 3975 451 4042 et
468 3965 604 4040 divisas
628 3989 711 4039 suas
728 3988 811 4038 cum
829 3962 995 4038 omnibus
1019 3961 1251 4038 libertatibus
1269 3962 1587 4038 commoditatibus
1613 3974 1651 4038 et
1675 3966 1894 4062 asyamentis
1911 3965 1959 4041 ad

412 4093 548 4168 dictam
564 4091 704 4192 peciam
732 4100 828 4165 terra
853 4088 1102 4188 spectantibus
1129 4114 1193 4164 seu
1218 4099 1381 4187 spectare
1405 4087 1613 4163 valentibus
1629 4089 1669 4163 in
1685 4088 1852 4164 futruum
1869 4090 1958 4166 adeo

411 4217 521 4293 libere
532 4217 654 4316 quiete
664 4215 826 4315 plenarie
836 4223 874 4288 et
885 4211 1081 4288 honorifice
1094 4213 1185 4288 bene
1199 4223 1236 4288 et
1248 4213 1288 4288 in
1297 4237 1386 4313 pace
1398 4214 1493 4288 sicut
1505 4213 1618 4314 aliqui
1630 4213 1789 4314 religiosi
1799 4215 1958 4316 aliquam

411 4354 626 4443 perpetuam
650 4340 884 4416 elemosinam
908 4339 950 4414 in
965 4349 1043 4416 toto
1068 4365 1181 4440 regno
1209 4337 1331 4414 Scocie
1358 4338 1495 4414 habent
1512 4364 1576 4414 seu
1602 4339 1791 4438 possident
1816 4341 1866 4416 Et
1891 4368 1959 4417 nos

410 4495 498 4545 vero
521 4468 707 4568 predictus
731 4464 946 4540 Maloolmus
971 4474 1010 4540 et
1033 4465 1183 4540 heredes
1207 4465 1323 4540 nostri
1339 4474 1458 4540 totam
1482 4465 1684 4564 predictam
1700 4467 1840 4564 peciam
1865 4477 1959 4543 terre

413 4619 497 4670 cum
520 4592 754 4692 pertinenciis
774 4591 945 4690 predictis
962 4589 1134 4666 fratribus
1151 4591 1190 4665 in
1207 4591 1374 4666 omnibus
1392 4600 1430 4665 et
1446 4615 1511 4690 per
1527 4591 1649 4666 omnia
1659 4601 1704 4666 ut
1719 4594 1959 4692 prescriptum

412 4727 468 4793 est
492 4727 619 4792 contra
644 4741 769 4791 omnes
792 4715 959 4791 viventes
987 4715 1301 4791 warantizabimus
1329 4715 1616 4814 acquietabimus
1641 4727 1678 4791 et
1703 4717 1955 4818 inperpetuum

412 4841 647 4921 defendemus
686 4843 732 4917 In
745 4842 847 4917 cuius
859 4842 912 4916 rei
924 4841 1175 4917 testimonium
1191 4841 1352 4940 presenti
1365 4851 1463 4917 carte
1474 4852 1598 4917 nostre
1614 4841 1772 4942 sigillum
1791 4854 1958 4920 nostrum

413 4977 470 5042 est
486 4991 686 5065 appensum
702 4966 772 5040 hiis
788 4964 943 5042 testibus
966 4965 1123 5040 dominis
1148 4966 1174 5040 J
1175 4965 1315 5041 ohanne
1337 4965 1384 5042 de
1404 4965 1690 5066 Danyeellstoun
1714 4967 1751 5042 N
1751 4968 1887 5044 icholas
1912 4970 1958 5044 de

413 5092 642 5168 Knoodolian
658 5091 816 5166 Roberto
835 5089 985 5190 Walays
1007 5090 1187 5166 militibus
1209 5091 1234 5167 J
1235 5091 1376 5167 ohanne
1398 5090 1582 5192 Kennedy
1603 5091 1744 5192 Fynlao
1761 5092 1807 5168 de
1981 5098 2121 5174 (wa)

413 5218 585 5294 Mordaco
602 5216 814 5316 Somirlyny
830 5227 868 5291 ct
883 5217 1011 5292 multis
1028 5217 1109 5292 aliis
1151 5217 1197 5291 In
1213 5217 1469 5316 premissorum
1485 5217 1599 5318 igitur
1615 5219 1779 5293 omnium
1795 5219 1958 5295 testimo·

412 5343 516 5418 nium
533 5341 694 5442 sigillum
711 5340 819 5416 officii
835 5341 951 5416 nostri
967 5341 1197 5441 presentibus
1214 5352 1270 5417 est
1286 5367 1496 5441 appensum
1542 5340 1680 5417 Datum
1696 5342 1794 5442 apud
1811 5343 1958 5446 Glasgw

413 5470 543 5569 quinto
561 5467 699 5543 decimo
717 5466 776 5542 die
792 5467 926 5542 mensis
944 5467 1111 5544 Octobris
1127 5493 1222 5544 anno
1239 5467 1389 5544 Domini
1404 5483 1458 5543 m⁰
1476 5482 1552 5545 ccc⁰
1569 5469 1789 5569 octogesimo
1805 5471 1932 5569 primo.
