5138 6694
671 833 890 898 CHARTERS
913 835 966 900 OF
987 837 1073 900 THE
1093 835 1245 900 FRIARS
1267 835 1514 902 PREAOHERS
1537 837 1589 902 OF
1611 837 1707 902 ΛΥΚ
1915 845 1956 904 85

405 1031 443 1096 et
456 1021 727 1096 diocesanorum
741 1021 800 1096 vel
813 1048 937 1098 eorum
950 1024 1166 1100 vicariorum
1178 1026 1293 1102 literis
1307 1026 1653 1126 elemosinarumque
1670 1027 1955 1105 mendicatarum

404 1147 639 1222 medietatem
649 1147 719 1222 sibi
732 1149 924 1224 vendicare
937 1151 1068 1226 volunt
1081 1165 1118 1227 et
1130 1177 1176 1229 ne
1188 1153 1330 1229 racione
1342 1141 1607 1230 confessionum
1616 1161 1657 1228 'et
1670 1152 1956 1230 celebrationum

404 1272 596 1346 missarum
612 1271 753 1371 aliquas
770 1299 793 1348 a
808 1273 884 1348 suis
900 1275 1145 1372 parrochianis
1162 1276 1373 1352 elemosinas
1393 1279 1574 1378 accipiant
1589 1258 1778 1376 prohibere
1795 1278 1955 1380 alioquin

405 1407 443 1472 et
476 1397 547 1496 ipsi
575 1408 731 1472 rectores
763 1399 824 1473 vel
853 1399 980 1476 vicarii
1013 1402 1233 1476 tantundem
1267 1401 1314 1478 ab
1346 1404 1436 1502 ipsis
1462 1404 1707 1503 parrochianis
1742 1415 1955 1504 extorquere

404 1525 576 1600 nituntur
588 1536 625 1601 et
638 1525 684 1602 ad
697 1526 960 1624 prohibiciones
972 1528 1184 1604 huiusmodi
1197 1528 1439 1604 observandas
1452 1530 1610 1604 censuris
1622 1528 1683 1603 vel
1700 1529 1747 1604 ab
1763 1529 1955 1605 ordinariis

403 1651 565 1726 locorum
582 1663 709 1726 contra
724 1652 869 1728 illarum
885 1664 1165 1755 transgressores
1181 1655 1317 1754 passim
1335 1655 1494 1730 obtentis
1511 1655 1572 1732 vel
1588 1655 1734 1754 propria
1750 1657 1956 1732 temeritate

404 1777 452 1852 ad
477 1777 687 1854 terrendum
720 1778 922 1878 simplicem
950 1781 1127 1879 populum
1156 1782 1221 1879 qui
1250 1806 1418 1856 censuras
1444 1781 1551 1856 timet
1579 1781 1664 1856 latis
1690 1791 1848 1856 utuntur
1877 1807 1955 1858 cor-

404 1927 563 2002 poraque
587 1915 812 1982 mortuorum
833 1906 897 2006 qui
922 1906 1095 2005 elegerint
1120 1906 1265 2004 sepehri
1289 1907 1329 1980 in
1347 1906 1505 1980 ecclesiis
1530 1906 1775 2004 predictorum
1800 1905 1954 1982 fratrum

404 2053 666 2128 nonnunquam
704 2032 855 2129 rapiunt
892 2041 931 2106 et
964 2031 1011 2106 ad
1046 2057 1130 2106 suas
1167 2032 1332 2107 eeclesias
1368 2031 1536 2107 deferunt
1576 2031 1785 2132 ibidemque
1826 2032 1954 2110 divina

405 2154 590 2230 celebrant
606 2165 650 2229 ut
669 2156 721 2230 sic
747 2157 952 2232 oblaciones
976 2157 1179 2256 percipiant
1204 2168 1243 2232 et
1267 2157 1314 2232 de
1338 2157 1564 2233 funeralibus
1589 2183 1631 2233 ac
1655 2158 1863 2234 mortuariis
1887 2183 1954 2257 pro

404 2281 613 2380 corporibus
650 2307 722 2380 que
755 2283 795 2360 iu
829 2283 989 2358 ecclesiis
1022 2284 1202 2360 dictorum
1234 2283 1391 2358 fratrum
1424 2283 1649 2382 sepeliuntur
1682 2283 1874 2358 dimidiam
1907 2285 1954 2358 de

404 2407 573 2482 omnibus
584 2417 708 2481 autem
721 2403 852 2503 legatis
869 2414 907 2478 et
923 2402 1168 2478 oblationibus
1181 2413 1350 2502 quartam
1365 2413 1486 2502 partes
1500 2413 1626 2478 contra
1643 2403 1708 2478 diu
1725 2403 1953 2482 observatam

403 2531 703 2608 consuetudinem
731 2529 864 2604 habere
894 2529 1122 2604 contendunt
1172 2528 1222 2604 Et
1249 2554 1359 2626 super
1387 2529 1571 2628 premissis
1598 2556 1640 2604 ac
1665 2529 1847 2630 plerisque
1872 2529 1954 2603 aliis

404 2659 523 2733 varias
549 2658 657 2732 dietis
681 2654 856 2730 fratribus
881 2653 1067 2729 molestias
1096 2652 1260 2728 inferunt
1285 2679 1328 2728 ac
1351 2654 1513 2753 jacturas
1540 2655 1673 2754 quibus
1700 2680 1824 2730 eorum
1852 2655 1955 2755 quies

402 2785 574 2860 turbatur
602 2783 751 2858 divinus
777 2779 897 2856 cultus
922 2780 1102 2855 minuitur
1126 2789 1164 2854 et
1190 2780 1286 2854 inter
1312 2777 1448 2854 Christi
1473 2779 1598 2855 fideles
1624 2780 1793 2856 seandala
1818 2781 1954 2880 passim

405 2913 573 2986 oriuntur
596 2935 671 2986 non
688 2909 765 2983 sine
788 2907 913 2982 divine
938 2907 1139 2982 maiestatis
1164 2907 1302 2982 offensa
1331 2917 1370 2982 et
1399 2907 1595 3006 apostolice
1624 2907 1853 2983 auctoritatis
1870 2934 1953 2983 con·

403 3047 548 3136 tempta
609 3031 851 3123 Quamobrem
880 3057 947 3106 uos
977 3033 1042 3132 qui
1072 3032 1253 3110 dictorum
1279 3033 1436 3108 fratrum
1462 3033 1623 3132 quietem
1648 3044 1687 3109 et
1713 3037 1953 3136 tranquillum

403 3173 543 3237 statum
569 3160 721 3235 intensis
748 3156 995 3233 desideramus
1022 3156 1211 3232 affectibus
1238 3169 1281 3232 ut
1306 3159 1381 3232 suis
1407 3157 1652 3235 laudabilibus
1679 3162 1848 3260 operibus
1875 3163 1954 3238 Deo

405 3288 622 3386 acceptiores
642 3286 735 3360 fiant
760 3295 799 3359 et
823 3283 985 3383 quiecius
1010 3308 1076 3382 pro
1102 3282 1340 3358 delirantium
1366 3283 1621 3360 emendacione
1648 3312 1690 3361 ac
1714 3287 1831 3363 salute
1856 3291 1953 3388 apud

404 3412 524 3488 Deum
536 3412 703 3488 insistere
715 3411 857 3510 possint
870 3409 1050 3484 dictorum
1067 3411 1245 3510 generalis
1262 3411 1428 3511 magistri
1442 3421 1480 3485 et
1496 3411 1658 3510 priorum
1674 3415 1953 3512 provincialium

404 3536 575 3612 Fratrum
608 3537 879 3612 Predioatorum
912 3535 1156 3635 predictorum
1181 3534 1380 3610 humilibus
1410 3561 1519 3634 super
1548 3535 1616 3611 hoc
1648 3537 1755 3613 nobis
1779 3543 1954 3639 porrectis

281 3677 288 3690 “
403 3663 733 3762 supplicacionibus
758 3662 926 3738 inclinati
950 3661 1054 3737 vobis
1072 3671 1109 3736 et
1127 3661 1278 3736 cuilibet
1303 3671 1466 3736 vestrum
1490 3687 1557 3761 per
1580 3675 1766 3762 presentes
1791 3665 1954 3744 districte

403 3787 637 3888 precipiendo
662 3787 879 3863 mandamus
899 3787 967 3862 sub
993 3787 1101 3861 dictis
1127 3787 1286 3862 censuris
1311 3799 1355 3863 ut
1372 3799 1410 3863 et
1427 3814 1493 3864 vos
1511 3789 1557 3864 ab
1574 3815 1700 3865 eorum
1724 3791 1892 3868 molestia
1917 3805 1955 3868 et

405 3915 505 3990 omni
546 3915 801 4014 inquietudine
842 3914 990 4013 penitus
1032 3911 1246 3986 abstineatis
1291 3923 1329 3988 et
1369 3915 1542 4014 quociens
1583 3916 1731 3991 nomine
1773 3917 1953 3994 dictorum

403 4041 560 4116 fratrum
590 4041 649 4114 vel
676 4039 828 4114 alicuius
853 4064 904 4118 *ex
936 4061 1059 4112 eorum
1089 4036 1226 4111 ordinis
1255 4038 1436 4136 prioribus
1464 4040 1750 4138 provincialibus
1779 4043 1841 4118 vel
1870 4071 1954 4120 con·

404 4164 637 4240 ventuahbus
672 4191 738 4264 pro
777 4175 941 4264 tempore
971 4160 1212 4237 existentibus
1237 4163 1379 4238 fueritis
1404 4189 1514 4262 super
1545 4164 1614 4240 hoc
1640 4167 1805 4268 requisiti
1828 4196 1953 4246 omnes

406 4303 443 4366 et
482 4293 642 4392 singulos
681 4289 958 4391 parrochialium
991 4287 1222 4362 eeclesiarum
1261 4289 1301 4362 in
1337 4290 1467 4364 vestris
1500 4292 1701 4389 respective
1743 4295 1954 4372 civitatibus

407 4429 445 4493 et
478 4416 681 4492 diocesibus
724 4415 921 4490 existentes
954 4424 1109 4488 rectores
1141 4437 1204 4486 seu
1239 4413 1393 4488 uranos
1427 4414 1474 4488 ad
1508 4415 1758 4496 desistendum
1799 4421 1953 4519 posthac

406 4543 452 4618 ab
490 4541 699 4617 huiusmodi
733 4539 908 4616 molestiis
942 4549 980 4613 et
1012 4537 1284 4638 gravaminibus
1317 4539 1669 4640 constitucionesque
1701 4544 1882 4641 predictas
1916 4561 1953 4624 et

405 4669 585 4744 dictorum
618 4667 772 4742 fratrum
805 4665 995 4765 privilegia
1029 4667 1080 4738 eis
1114 4664 1374 4740 inviolabiliter
1415 4665 1641 4744 observanda
1678 4669 1747 4744 sub
1779 4672 1883 4770 ponis
1917 4687 1954 4750 et

405 4793 566 4869 censuris
591 4793 746 4867 indicti
771 4791 865 4868 sixti
891 4788 1148 4890 predecessoris
1175 4789 1394 4865 inhibicione
1422 4793 1605 4867 contentis
1631 4797 1811 4870 moneatis
1837 4809 1876 4873 et
1901 4802 1953 4875 eis

407 4918 641 5020 [p]recipiatis
670 4917 920 4992 inobedientes
949 4941 1036 4991 vero
1069 4915 1244 5015 legitimis
1278 4940 1386 5016 super
1418 4915 1488 4990 hoc
1516 4917 1694 4994 habendis
1727 4924 1952 5020 processibus

406 5071 574 5122 censuras
613 5055 651 5118 et
688 5067 801 5142 penas
834 5039 1016 5140 predictas
1049 5040 1241 5116 incurrisse
1275 5039 1465 5116 declaretis
1498 5051 1536 5117 et
1568 5042 1769 5120 declaratos
1807 5049 1951 5146 publice

405 5171 587 5248 nuncietis
604 5195 645 5244 ac
664 5168 829 5242 nunciari
846 5177 883 5241 ct
900 5177 942 5241 ut
958 5166 1050 5242 tales
1067 5165 1113 5241 ab
1130 5164 1298 5240 omnibus
1316 5167 1450 5242 metius
1474 5167 1603 5243 evitari
1627 5171 1808 5246 mandetis
1825 5185 1864 5249 et
1879 5177 1952 5252 aha

403 5298 548 5374 faciatis
564 5321 635 5396 que
651 5295 691 5368 in
715 5293 899 5392 premissis
914 5292 1050 5367 fuerint
1074 5291 1345 5394 quomodolibet
1368 5303 1546 5393 oportuna
1570 5293 1739 5371 invocato
1765 5298 1880 5375 eciam
1905 5303 1952 5379 ad
2011 5317 2016 5326 “

406 5426 475 5502 hoe
491 5423 662 5526 quociens
679 5445 769 5520 opus
781 5418 892 5494 fuerit
907 5418 1044 5494 auxilio
1060 5417 1194 5518 brachij
1215 5417 1384 5494 secularis
1400 5417 1572 5524 Reliquas
1584 5447 1671 5497 vero
1687 5449 1857 5524 personas
1873 5437 1950 5506 tam
