5138 6694
591 825 631 884 bb
846 813 1065 880 CHARTERS
1088 812 1140 876 OF
1162 811 1247 874 THE
1269 809 1421 874 FRIARS
1442 806 1689 872 PunAoHERs
1711 805 1763 869 OF
1785 805 1880 869 nm

592 1022 652 1105 23,
675 1005 823 1110 cupra]
880 1008 956 1082 The
990 1004 1242 1080 confirmation
1275 1003 1307 1076 is
1331 1001 1487 1101 granted
1513 1001 1553 1075 in
1582 999 1846 1075 consideration
1876 999 1918 1075 of
1942 999 2006 1076 the
2030 999 2136 1075 friars

591 1141 722 1238 saying
739 1136 812 1212 and
828 1135 985 1234 praying
1011 1133 1068 1206 for
1093 1129 1157 1204 the
1183 1138 1340 1230 granter,
1358 1154 1380 1202 a
1396 1127 1530 1226 special
1553 1127 1873 1201 commemoration
1900 1125 1973 1200 and
1996 1126 2135 1218 collect,

591 1290 640 1339 on
657 1264 720 1338 the
737 1261 971 1358 anniversary
988 1257 1029 1332 of
1041 1256 1099 1330 his
1116 1255 1194 1328 said
1211 1253 1446 1352 predecessor.
1498 1251 1621 1326 Dated
1639 1253 1705 1326 tth
1723 1253 1868 1352 August
1888 1258 1994 1328 1480.

595 1583 654 1650 41.
673 1569 973 1672 Resipcotiooby
993 1567 1161 1643 Willium
1173 1567 1290 1642 Noble
1304 1565 1382 1643 cod
1398 1563 1455 1640 his
1474 1564 1581 1665 Wife,
1596 1564 1641 1664 ⁰f
1648 1590 1701 1639 ac
1717 1563 1955 1640 Anaualrent
1969 1563 2014 1662 eff
2024 1563 2138 1665 Eiptt

745 1695 932 1793 Sbillicps,
951 1693 992 1768 io
997 1694 1141 1792 favour
1157 1695 1202 1792 of
1212 1694 1268 1768 tlte
1288 1692 1446 1769 Ooaveat
1466 1691 1512 1787 of
1529 1691 1585 1766 the
1608 1689 1743 1765 Furore
1759 1689 1964 1767 Proocbcrr
1990 1689 2035 1791 os
2043 1688 2136 1788 ΑΨ.

744 1821 852 1925 [13tlt
868 1819 1065 1898 December
1084 1817 1212 1919 1488]

672 2027 716 2101 In
734 2026 803 2101 Dei
825 2025 973 2099 nomine
1000 2047 1105 2096 amen
1134 2019 1205 2094 Per
1230 2020 1299 2095 hoc
1326 2043 1471 2118 presens
1496 2017 1683 2117 publicum
1699 2018 1985 2093 instrumentum
2002 2019 2141 2094 cunctis

593 2165 719 2254 pateat
737 2151 926 2227 evidenter
942 2159 980 2224 et
997 2148 1045 2222 sit
1061 2157 1190 2221 notum
1216 2146 1314 2244 quod
1339 2171 1435 2219 anno
1461 2144 1721 2219 incarnacionis
1747 2143 1926 2218 dominice
1950 2145 2141 2221 millesimo

595 2277 951 2380 quadringentesimo
982 2273 1224 2373 octuagesimo
1251 2283 1380 2346 octavo
1407 2271 1467 2346 die
1493 2296 1579 2345 vero
1606 2271 1741 2344 mensis
1767 2270 1977 2345 Decembris
2004 2271 2143 2348 decima

595 2407 707 2482 tercia
723 2403 925 2478 indiccione
942 2400 1098 2500 septima
1114 2397 1348 2497 pontificatus
1366 2397 1583 2472 sanctissimi
1600 2397 1640 2470 in
1658 2395 1802 2472 Christo
1814 2397 1928 2494 patris
1945 2423 1987 2473 ac
2004 2398 2144 2474 domini

596 2531 736 2607 domini
758 2528 873 2604 nostri
890 2526 1095 2624 Innocencij
1116 2525 1242 2598 divina
1257 2523 1490 2621 providencia
1506 2547 1600 2621 pape
1621 2523 1741 2596 octavi
1758 2547 1854 2596 anno
1871 2523 2000 2621 quinto
2016 2523 2056 2598 in
2072 2524 2143 2598 mei

595 2655 725 2754 notarij
745 2653 881 2752 publici
898 2661 936 2726 et
963 2651 1114 2725 testium
1140 2630 1424 2746 subscriptorum
1451 2648 1634 2746 presencia
1661 2648 1898 2746 personaliter
1924 2649 2144 2723 constitutus

597 2780 801 2856 Willelmus
826 2777 944 2853 Noble
961 2777 1002 2874 ly
1018 2800 1181 2874 cowpare
1208 2773 1396 2874 burgensis
1421 2772 1528 2872 burgi
1544 2772 1590 2847 de
1607 2773 1693 2848 Aire
1719 2784 1757 2848 et
1773 2774 1929 2849 Isobclla
1954 2773 2144 2874 Ooupland

597 2932 663 2980 sua
679 2930 811 3004 sponsa
826 2929 892 3003 per
909 2901 1206 2977 deliberacionem
1224 2901 1332 2974 unius
1360 2899 1496 2997 denarij
1526 2924 1616 2997 pure
1641 2908 1679 2973 et
1706 2901 1918 3000 simpliciter
1943 2901 2147 3002 resignave-

597 3043 683 3108 runt
703 3042 741 3106 et
757 3057 900 3106 sursum
926 3027 1163 3103 reddiderunt
1183 3054 1261 3102 ase
1278 3039 1316 3102 ct
1333 3029 1407 3102 suis
1424 3028 1616 3103 heredibus
1642 3037 1679 3102 et
1706 3026 1898 3126 assignatis
1922 3025 1961 3099 in
1978 3025 2146 3100 manibus

597 3157 738 3258 providj
760 3157 832 3230 viri
849 3155 929 3229 Ade
946 3153 1158 3230 Wischurd¹
1176 3153 1303 3228 ballivi
1327 3155 1482 3253 predicti
1499 3154 1606 3254 burgi
1633 3179 1699 3252 pro
1726 3165 1888 3252 tempore
1915 3162 1998 3226 octo
2015 3151 2147 3227 solidos

599 3283 708 3382 annuj
728 3281 893 3356 redditus
913 3280 1102 3354 annuatim
1125 3279 1299 3354 levandos
1318 3289 1355 3354 et
1371 3279 1595 3377 recipiendos
1622 3279 1667 3354 de
1694 3305 1759 3353 suo
1784 3287 1996 3352 tenemento
2012 3287 2091 3352 toto
2109 3288 2147 3352 et

597 3410 739 3508 integro
763 3407 823 3482 vel
846 3406 892 3480 de
922 3406 998 3480 eius
1025 3430 1239 3505 quacunque
1255 3416 1358 3503 parte
1384 3415 1557 3503 occupata
1583 3431 1649 3505 pro
1676 3415 1837 3503 tempore
1865 3415 1941 3478 tarn
1966 3404 2006 3478 in
2028 3403 2147 3478 fronte

598 3560 709 3634 quam
725 3533 764 3606 in
781 3531 896 3606 cauda
913 3556 996 3604 cum
1012 3529 1244 3629 pertinencijs
1257 3531 1402 3628 jacente
1419 3532 1458 3604 in
1476 3531 1574 3606 dicto
1591 3531 1705 3630 burgo
1718 3531 1814 3604 inter
1825 3541 1975 3628 pontem
1988 3529 2148 3604 eiusdem

599 3685 645 3734 ex
671 3669 775 3758 parte
801 3655 933 3754 borealj
965 3655 1010 3730 ab
1037 3681 1111 3730 uua
1138 3667 1176 3730 et
1202 3667 1452 3731 tenementum
1482 3656 1598 3756 Finlaj
1630 3655 1768 3755 Inglis²
1796 3683 1840 3730 ex
1869 3667 1971 3754 parte
1998 3656 2145 3754 australj

598 3784 764 3883 partibus
790 3781 835 3856 ab
860 3781 974 3856 altera
991 3780 1217 3880 Quaquidem
1247 3783 1492 3882 resignacione
1509 3783 1578 3857 rite
1595 3783 1634 3856 in
1651 3783 1819 3856 manibus
1847 3782 1937 3857 dicti
1963 3781 2087 3880 ballivj
2106 3795 2149 3857 ut

598 3907 826 4008 premittitur
842 3916 987 4004 peracta
1003 3907 1209 4005 sepedictus
1221 3906 1378 3982 ballivus
1394 3934 1458 4007 per
1474 3909 1709 3984 donacionem
1727 3910 1834 3984 unius
1857 3908 1991 4007 denarij
2012 3919 2149 3982 statum

599 4033 703 4109 dedit
720 4031 977 4106 hereditarium
994 4043 1032 4106 et
1047 4032 1216 4105 saisinam
1234 4058 1375 4107 necnon
1393 4044 1430 4107 et
1446 4034 1579 4108 realem
1596 4045 1633 4109 et
1650 4036 1870 4134 corporalem
1890 4035 2150 4132 possessionem

601 4159 866 4234 antedictorum
883 4167 964 4230 octo
990 4155 1185 4230 solidorum
1203 4157 1312 4256 annuj
1332 4157 1496 4233 redditus
1514 4159 1704 4233 annuatim
1721 4171 1765 4234 ut
1781 4159 1979 4257 predicitur
1991 4159 2036 4234 de
2049 4158 2149 4234 dicto

600 4295 809 4360 tenemento
835 4309 917 4358 cum
943 4282 1175 4382 pertinenciis
1199 4281 1337 4356 famoso
1363 4283 1441 4356 viro
1468 4284 1635 4384 religioso
1662 4285 1834 4359 videlicet
1860 4284 1964 4358 fratri
1990 4283 2147 4384 dohannj

602 4411 680 4486 Red
708 4410 815 4511 priori
845 4409 916 4484 loci
943 4407 1193 4483 conventualis
1218 4406 1387 4482 Fratrum
1415 4408 1687 4485 Predieatorum
1714 4410 1845 4486 Sancte
1872 4409 2028 4484 Katrine
2060 4410 2147 4510 dictj

600 4537 705 4638 burgj
724 4562 789 4636 pro
806 4561 927 4610 annuo
945 4533 1072 4608 obbitu
1090 4543 1127 4608 et
1143 4532 1313 4633 suffragio
1330 4559 1413 4608 cum
1431 4547 1655 4610 mortuorum
1672 4535 1833 4635 exequijs
1847 4547 1884 4610 et
1897 4536 2007 4610 missa
2023 4546 2151 4611 cantus

601 4663 641 4737 in
654 4662 812 4737 crastino
824 4687 889 4759 pro
903 4659 1039 4734 eisdem
1051 4659 1091 4732 in
1109 4658 1209 4733 dicta
1225 4659 1374 4734 ecclesia
1390 4661 1578 4735 annuatim
1596 4661 1707 4735 semel
1724 4660 1936 4736 celebrando
1954 4661 2151 4738 Reservato

602 4799 725 4862 tamen
758 4785 871 4861 libero
904 4796 1110 4860 tenemento
1144 4785 1232 4884 dictj
1274 4787 1383 4885 annuj
1421 4787 1584 4862 redditus
1626 4787 1715 4885 ipsis
1757 4787 1981 4862 coniunctim
2014 4787 2153 4863 scilicet

603 4939 789 5013 quousque
823 4938 918 4986 unus
952 4911 1149 4986 eorundem
1183 4912 1358 4985 moriatur
1387 4911 1437 4985 Et
1465 4923 1548 5010 post
1578 4913 1765 4988 decessum
1798 4914 1927 5012 prioris
1956 4915 2152 4989 eorundem

602 5039 809 5116 decedentis
836 5038 1001 5112 decetero
1028 5036 1201 5110 solvendo
1228 5036 1368 5110 dictum
1395 5062 1557 5111 annuum
1584 5038 1770 5114 redditum
1796 5040 1894 5116 dicto
1921 5041 2000 5116 loco
2022 5043 2153 5142 imper·

602 5175 754 5264 potuum
771 5187 955 5238 unacum
982 5186 1088 5235 onere
1116 5185 1287 5258 campane
1314 5161 1488 5236 solvendo
1515 5187 1579 5262 per
1603 5164 1759 5262 priorem
1787 5176 1825 5239 et
1850 5177 2072 5242 conventum
2087 5193 2153 5266 pro

1174 5307 1184 5341 ¹
1204 5311 1263 5368 Odit
1276 5311 1348 5367 Book
1361 5313 1392 5384 of
1401 5315 1468 5385 Aur,
1482 5332 1508 5386 p.
1523 5319 1568 5372 60.

799 5404 812 5444 ²
830 5409 897 5466 This
911 5413 1118 5465 tenementum
1131 5405 1162 5462 in
1175 5405 1223 5460 the
1237 5409 1253 5437 ‘⁴
1262 5405 1420 5478 Ψοοάςιιίι,υ
1463 5407 1521 5464 Obit
1535 5409 1604 5464 Boot
1617 5410 1647 5481 os
1657 5409 1723 5482 ΑΨ,
1737 5427 1782 5484 pp.
1800 5415 1845 5482 10,
1859 5415 1907 5482 48,
1923 5417 1968 5470 49.
