5138 6694
583 850 624 910 86
676 923 681 930 ¹
847 846 1068 912 cflsnunas
1089 847 1144 912 Ol*
1163 849 1249 912 THE
1269 849 1422 913 FRIABS
1442 847 1689 912 Passennus
1710 846 1764 910 OF
1784 847 1881 912 AYB.

585 1032 843 1108 acclamasticas
869 1059 980 1134 quam
1009 1034 1187 1112 seculares
1212 1035 1457 1136 cuiuscunque
1486 1047 1605 1112 status
1633 1048 1699 1114 aut
1723 1037 1945 1112 condicionis
1974 1037 2138 1112 existant

585 1159 650 1258 qui
665 1159 864 1235 rectoribus
881 1160 1159 1259 parrochialium
1175 1161 1407 1237 ecelesiarum
1423 1163 1462 1237 in
1478 1163 1663 1262 premissis
1679 1173 1805 1238 contra
1813 1163 1943 1237 fratres
1951 1161 2137 1261 predictos

585 1283 749 1360 favorem
765 1285 943 1360 auxilium
959 1286 1019 1360 vel
1035 1287 1227 1362 eonsilium
1243 1287 1390 1386 prebere
1410 1289 1696 1388 presumpserint
1719 1313 1785 1388 per
1806 1313 1975 1363 censuras
2000 1299 2040 1362 et
2064 1287 2138 1362 alia

585 1410 675 1486 iuris
685 1422 864 1510 oportuna
873 1413 1034 1486 remedia
1042 1411 1246 1487 monicione
1255 1414 1431 1510 premissa
1440 1414 1641 1490 districtius
1651 1415 1803 1489 arceatis
1813 1424 1904 1488 etut
1914 1413 2084 1488 atalibus
2096 1412 2138 1486 in

586 1535 752 1611 futurum
769 1548 923 1611 caveant
939 1537 1161 1636 prohibeatis
1173 1563 1246 1611 non
1262 1538 1491 1614 obstantibus
1502 1539 1829 1616 constitutionibus
1842 1549 1881 1614 et
1897 1539 2139 1614 ordinacioni-

586 1659 656 1734 bus
680 1661 885 1759 apostolicis
907 1689 951 1737 ae
974 1663 1014 1736 in
1039 1662 1262 1737 sinodalibus
1287 1664 1448 1739 conciliis
1467 1665 1576 1740 editis
1592 1666 1742 1740 stutrrtis
1758 1675 1797 1739 et
1813 1664 2138 1740 consuetudinibus

582 1784 793 1884 juramento
817 1787 1096 1862 confirmacione
1124 1788 1324 1886 apostoliea
1347 1789 1409 1862 vel
1438 1790 1567 1889 quavis
1591 1791 1662 1866 alia
1690 1789 1865 1865 firmitate
1893 1789 2072 1864 roboratis
2099 1801 2139 1864 et

587 1913 756 2014 aliisque
772 1913 928 1989 Romani
944 1911 1135 2012 pontifices
1151 1911 1417 2010 predecessores
1433 1915 1550 1988 nostri
1565 1915 1700 2014 prefati
1716 1915 1756 1989 in
1773 1915 1848 1989 suis
1865 1925 1904 1990 et
1915 1940 1983 1989 nos
1999 1915 2040 1988 in
2055 1939 2139 1989 nos·

586 2039 655 2114 tris
670 2039 787 2114 literis
803 2037 1078 2137 privilegiorum
1094 2037 1297 2136 graciarum
1314 2047 1352 2111 et
1368 2037 1595 2113 indultorum
1617 2039 1717 2114 dicto
1742 2039 1861 2114 ordini
1885 2065 2139 2116 concessorum

586 2163 756 2240 volumus
772 2189 847 2238 non
870 2163 1014 2238 obstare
1040 2163 1239 2261 ceterisque
1265 2163 1456 2237 contrariis
1481 2163 1754 2263 quibuscunque
1805 2165 1856 2239 Et
1880 2166 1967 2264 quia
1991 2165 2139 2242 difficile

586 2291 682 2366 foret
698 2299 883 2389 presentes
899 2289 1024 2364 literas
1040 2287 1233 2387 originales
1248 2287 1297 2361 ad
1322 2289 1445 2362 omnia
1469 2288 1549 2362 loca
1564 2290 1604 2363 in
1629 2289 1761 2388 quihus
1778 2315 1868 2389 opus
1893 2301 1988 2365 esset
2005 2291 2139 2366 deferri

585 2415 756 2492 volumus
780 2427 819 2491 et
842 2414 1008 2514 predicta
1032 2414 1249 2488 auctoritate
1265 2412 1492 2487 decernimus
1508 2413 1606 2512 quod
1623 2439 1746 2488 earum
1761 2415 2001 2513 transumptis
2024 2441 2138 2490 manu

586 2541 723 2616 notarii
738 2539 877 2640 publici
894 2538 1107 2636 subscriptis
1124 2547 1162 2612 et
1178 2537 1299 2636 sigillo
1311 2537 1464 2612 alieuius
1479 2563 1631 2637 persone
1643 2539 1682 2613 in
1698 2539 1880 2639 dignitate
1896 2539 2140 2615 ecclesiastiea

586 2666 785 2742 constitute
801 2665 954 2740 munitis
971 2687 1014 2738 ea
1028 2661 1120 2737 fides
1145 2661 1297 2737 indubia
1312 2662 1352 2736 in
1365 2662 1504 2760 judicio
1520 2673 1560 2738 et
1576 2674 1679 2738 extra
1695 2663 1902 2762 ubieunque
1919 2690 2010 2764 opus
2026 2665 2140 2741 fuerit

586 2791 802 2868 adhibeatur
818 2817 889 2891 que
905 2789 995 2888 ipsis
1014 2787 1249 2888 originalibus
1275 2787 1508 2863 adhiberetur
1523 2789 1555 2863 si
1572 2789 1732 2864 exhibite
1758 2789 1879 2863 forent
1905 2790 1966 2864 vel
1993 2802 2138 2866 ostense

585 2917 726 2994 Datum
743 2917 859 2992 Rome
876 2913 976 3013 apud
992 2923 1160 2988 sanetum
1176 2911 1331 2986 Petrum
1355 2912 1424 2987 sub
1449 2914 1585 2988 annulo
1613 2915 1803 3013 piscatoris
1830 2914 1891 2989 die
1918 2917 2007 3014 xxvj
2031 2915 2058 2990 J
2059 2917 2138 2991 unii

585 3057 640 3120 m⁰
657 3044 699 3121 d⁰
714 3043 825 3142 xviij⁰
840 3039 1077 3140 pontificatus
1092 3038 1210 3112 nostri
1226 3063 1322 3113 anno
1338 3049 1452 3114 sexto.

1773 3139 1814 3216 P.
1843 3140 2032 3218 Bnmrnua

660 3375 742 3451 Hec
767 3384 823 3450 est
847 3399 935 3448 vera
960 3371 1064 3471 copia
1088 3367 1297 3469 principalis
1325 3366 1445 3442 brevis
1472 3367 1694 3442 sanctissimi
1720 3367 1760 3442 in
1783 3365 1929 3443 Christo
1955 3367 2072 3467 patris
2099 3379 2138 3442 et

736 3499 876 3576 domini
898 3497 1014 3573 nostri
1041 3495 1181 3570 domini
1206 3493 1339 3568 Leonis
1366 3493 1492 3568 divina
1517 3491 1750 3591 providencia
1775 3517 1870 3590 pape
1895 3493 2028 3567 decimi
2052 3519 2138 3569 eum

735 3650 802 3700 suo
832 3621 1001 3723 originali
1030 3621 1070 3694 in
1100 3618 1269 3694 omnibus
1298 3619 1374 3692 suis
1402 3619 1548 3717 punctis
1578 3628 1618 3693 et
1643 3617 1807 3692 articulis
1836 3619 2058 3693 concordans
2084 3619 2139 3692 nil

736 3747 904 3825 addendo
938 3747 998 3822 vel
1031 3743 1229 3820 minuendo
1262 3743 1361 3843 quod
1394 3743 1601 3818 substancia
1633 3744 1686 3818 rei
1718 3754 1879 3818 mutaret
1911 3755 1977 3819 aut
2010 3770 2138 3819 sensus

734 3876 893 3950 variaret
909 3873 956 3948 de
972 3871 1083 3947 verbo
1099 3873 1139 3946 in
1157 3871 1309 3945 verbum
1324 3869 1481 3944 fideliter
1497 3870 1640 3968 eopiata
1664 3878 1702 3942 et
1728 3869 1964 3944 collacionata
1988 3895 2053 3969 per
2077 3895 2137 3945 me

734 3997 986 4075 Alexandrum
1010 3995 1187 4071 Makneill
1211 3995 1396 4068 notarium
1424 3993 1611 4093 publicum
1638 3992 1706 4068 sub
1732 3994 1823 4067 meis
1852 3995 1956 4094 signo
1986 4005 2025 4068 et
2052 3995 2136 4070 sub

736 4124 934 4224 seripoione
951 4120 1180 4197 manualibus
1201 4146 1243 4194 ac
1264 4119 1383 4219 sigillo
1407 4118 1697 4194 reverendissimi
1721 4119 1761 4192 in
1787 4117 1933 4194 Christo
1957 4121 2075 4218 petris
2100 4131 2139 4196 et

735 4249 876 4326 domini
900 4247 1040 4323 domini
1060 4243 1190 4321 Jacobi
1214 4245 1447 4319 miseracione
1472 4244 1597 4318 divina
1622 4243 1879 4344 archiepiscopi
1900 4245 2138 4346 Glasguensis

735 4401 777 4451 ac
804 4373 1009 4449 cancellarii
1034 4371 1194 4469 supremi
1218 4369 1366 4444 domino
1395 4369 1512 4443 nostri
1540 4369 1637 4468 regis
1666 4369 1784 4442 tocius
1810 4370 1913 4468 regni
1939 4369 2063 4446 Scoeie
2093 4381 2138 4446 ut

735 4499 948 4575 tantalides
965 4498 1074 4574 detur
1098 4495 1183 4570 huic
1203 4493 1306 4593 copie
1322 4503 1461 4593 quanta
1477 4492 1693 4568 adhibeatur
1708 4493 1901 4592 principali
1918 4495 2098 4596 originali

1100 4697 1340 4772 mmmm
1356 4693 1565 4768 Mmmmr.
1589 4693 1753 4768 notarius
1777 4694 1944 4792 publicus

969 4823 1017 4900 sd
1032 4823 1207 4923 premissa
1222 4820 1417 4921 requisitus
1433 4829 1526 4894 teste
1542 4843 1654 4893 manu
1670 4821 1816 4919 propria
1831 4821 2057 4922 subscripsit.
