5142 6684
597 829 639 888 aa
853 821 1073 887 unsarana
1095 821 1255 885 611111
1275 817 1426 914 ranas
1447 817 1694 882 1111166166
1716 816 1770 882 61
1791 817 1889 884 nra

603 1015 736 1094 Sciatis
752 1041 820 1091 nos
835 1041 902 1116 pro
920 1013 1037 1089 salute
1053 1011 1173 1086 anime
1189 1021 1311 1086 nostre
1328 1021 1366 1086 et
1390 1036 1456 1111 pro
1473 1012 1591 1088 salute
1608 1013 1811 1088 animarum
1828 1022 2095 1088 antecessorum
2112 1019 2151 1086 et

602 1169 846 1222 successorum
868 1153 1075 1218 nostrorum
1100 1139 1243 1238 Regum
1268 1137 1392 1214 Scocie
1417 1138 1559 1214 dedisse
1585 1139 1800 1214 concessisse
1825 1149 1863 1214 et
1887 1163 1952 1237 per
1968 1146 2153 1237 presentes

604 1271 728 1346 literas
744 1280 886 1344 nostras
902 1267 1134 1344 confirmasse
1157 1265 1337 1365 religiosis
1355 1265 1445 1339 viris
1461 1265 1573 1364 priori
1598 1274 1637 1340 et
1653 1264 1850 1340 conventui
1874 1263 2043 1338 Fratrum
2068 1261 2154 1336 Pre-

603 1396 807 1472 dicatorum
823 1394 869 1469 (16
885 1393 959 1469 Α16
986 1392 1121 1492 viginti
1148 1389 1258 1465 libras
1285 1389 1541 1491 sterlingorum
1568 1389 1615 1464 de
1641 1389 1835 1466 elemosina
1861 1399 1984 1464 nostra
2006 1385 2156 1488 speciali

604 1547 671 1622 pro
684 1521 952 1597 sustentacione
965 1517 1113 1595 ecclesie
1126 1525 1164 1591 et
1177 1516 1367 1590 domorum
1384 1541 1531 1592 suarum
1547 1517 1798 1616 percipiendas
1814 1514 1884 1590 sibi
1901 1514 2092 1588 annuatim
2108 1509 2155 1586 de

603 1647 731 1745 primis
747 1646 861 1720 firmis
877 1645 1167 1720 molendinorum
1191 1653 1397 1718 nostrorum
1422 1654 1460 1719 et
1484 1643 1591 1744 burgi
1615 1643 1731 1718 nostri
1756 1642 1802 1717 de
1827 1641 1901 1716 Are
1917 1641 1965 1716 ad
1982 1639 2155 1715 terminos

605 1773 839 1848 Pentecosten
868 1782 906 1847 et
930 1771 1048 1846 sancti
1080 1768 1233 1845 Martini
1265 1771 1306 1843 in
1334 1795 1440 1868 yeme
1472 1794 1538 1868 pro
1572 1769 1692 1870 equali
1724 1767 1894 1868 porcione
1926 1791 1992 1866 per
2023 1785 2155 1840 manus

605 1899 791 1973 munerarii
819 1898 934 1972 nostri
964 1895 1088 1971 Seocie
1117 1905 1155 1970 61
1184 1895 1433 1970 ministrorum
1462 1919 1610 1971 suorum
1639 1895 1704 1994 qui
1732 1919 1797 1992 pro
1826 1902 1989 1992 tempore
2017 1890 2156 1966 fuerint

604 2021 739 2122 absque
760 2021 882 2120 aliqua
898 2021 1184 2096 contradiccione
1212 2019 1258 2094 In
1285 2021 1388 2094 cuius
1414 2020 1467 2094 rei
1493 2019 1744 2096 testimonium
1769 2018 1836 2094 has
1862 2019 1986 2092 literas
2013 2025 2155 2092 nostrae

604 2157 780 2246 perpetuo
796 2146 988 2222 duraturas
1004 2147 1074 2221 sibi
1089 2146 1168 2220 fieri
1184 2145 1337 2221 fecimus
1353 2155 1520 2245 patentes
1544 2145 1656 2244 Apud
1679 2145 1824 2221 Gervan
1840 2145 1880 2218 in
1897 2141 2037 2242 Carrylr
2053 2151 2156 2216 sexto

604 2272 666 2347 (116
682 2271 869 2346 Februarii
885 2297 980 2346 enno
996 2271 1100 2371 regni
1117 2271 1233 2345 nostri
1249 2271 1421 2345 vicesimo
1446 2270 1557 2346 tercio
1583 2269 1829 2370 Quasquidem
1845 2269 1968 2344 literas
1983 2270 2023 2343 in
2040 2268 2155 2343 omni-

605 2396 675 2471 bus
709 2406 747 2470 et
781 2395 934 2496 singulis
968 2395 1138 2471 clausulis
1180 2397 1453 2472 condicionibus
1495 2397 1659 2472 articulis
1693 2405 1730 2470 61
1763 2395 2047 2470 circumstanciis
2081 2394 2157 2468 suis

605 2521 784 2597 universis
816 2521 933 2596 forma
965 2521 1102 2620 pariter
1135 2529 1172 2597 et
1205 2521 1336 2596 effectu
1369 2521 1591 2596 ratificamus
1624 2521 1865 2620 approbamus
1898 2531 1937 2594 et
1960 2545 2026 2619 pro
2052 2518 2157 2594 nobis

607 2657 646 2722 et
686 2647 820 2722 nostris
862 2646 1053 2722 heredibus
1095 2647 1364 2746 imperpetuum
1406 2647 1660 2721 confirmamus
1702 2646 1752 2720 Et
1793 2645 2050 2719 nichilominus
2090 2669 2156 2743 pro

606 2771 713 2847 nobis
738 2781 776 2847 61
801 2770 937 2846 eisdem
969 2773 1102 2848 nostris
1134 2772 1328 2848 heredibus
1361 2773 1513 2873 prefatis
1541 2773 1718 2873 religiosis
1744 2797 1789 2846 ex
1814 2771 2043 2846 habundanti
2072 2795 2157 2843 con·

609 2898 770 2973 cedimus
792 2896 891 2997 quod
915 2896 987 2996 ipsi
1011 2899 1195 2998 perpetuis
1220 2897 1355 2974 futuris
1380 2897 1603 2997 temporibus
1627 2923 1693 2997 pro
1715 2897 1983 2972 sustentacione
2012 2893 2159 2970 ecclesie

609 3033 647 3099 et
680 3023 869 3098 domorum
911 3047 1058 3097 suarum
1099 3025 1303 3124 percipiant
1344 3024 1535 3100 annuatim
1576 3024 1778 3123 predictam
1811 3047 1992 3097 summam
2024 3021 2159 3122 viginti

608 3148 781 3224 librarum
798 3147 1051 3248 sterlingorum
1081 3148 1281 3250 deprimis
1307 3150 1422 3225 firmis
1449 3152 1526 3225 sive
1553 3150 1710 3225 denariis
1739 3147 1979 3248 percipiendis
2006 3155 2072 3221 aut
2088 3169 2159 3245 que

607 3275 726 3374 primo
750 3273 887 3373 percipi
908 3274 1071 3373 poterint
1087 3275 1132 3350 (16
1155 3275 1270 3377 burgo
1287 3287 1325 3351 61
1340 3275 1557 3352 molendinis
1573 3275 1619 3352 de
1635 3276 1709 3350 Are
1734 3275 1905 3374 predictis
1923 3273 1970 3348 ad
1985 3272 2160 3347 terminos

609 3401 841 3476 Pentecostes
868 3409 907 3475 61
933 3402 1050 3475 6611611
1078 3401 1232 3476 Martini
1258 3403 1299 3476 in
1324 3427 1429 3501 yeme
1457 3428 1522 3502 per
1550 3404 1736 3503 porciones
1766 3401 1910 3500 equales
1935 3399 2025 3474 adeo
2049 3398 2161 3474 libere

609 3524 758 3625 pacifice
775 3534 813 3599 61
830 3525 952 3623 quiete
968 3525 1008 3599 in
1031 3525 1197 3600 omnibus
1214 3536 1252 3601 et
1268 3551 1333 3625 per
1357 3528 1480 3602 omnia
1504 3527 1600 3602 sicut
1623 3527 1762 3626 11161616
1786 3527 1890 3601 litere
1915 3525 2005 3600 (11611
2022 3524 2162 3598 domini

611 3651 672 3726 avi
700 3650 817 3725 nostri
846 3651 886 3724 in
915 3675 953 3725 ee
982 3649 1130 3724 liberius
1159 3650 1254 3726 iuste
1288 3652 1478 3727 continent
1507 3662 1545 3726 et
1574 3661 1789 3752 proportant
1818 3649 1936 3739 Quare
1967 3650 2161 3724 camerario

611 3787 735 3852 nostro
752 3786 790 3850 et
805 3776 982 3850 ministris
999 3776 1075 3850 suis
1100 3777 1164 3875 qui
1190 3801 1256 3876 pro
1282 3787 1445 3876 1611111616
1470 3777 1607 3852 fuerint
1633 3777 1761 3852 damus
1787 3787 1913 3851 tenore
1936 3777 2162 3874 presencium

611 3901 765 3976 firmiter
781 3901 821 3974 in
837 3899 1020 3976 mandatis
1045 3901 1145 4001 quod
1169 3901 1328 4000 prefatas
1352 3903 1488 4002 viginti
1513 3902 1623 3977 libras
1649 3903 1786 3978 eisdem
1810 3903 1987 4002 religiosis
2011 3901 2076 4001 qui
2095 3925 2162 4000 pro

613 4039 776 4127 tempore
804 4026 941 4102 fuerint
965 4027 1118 4102 indilate
1145 4037 1183 4102 et
1210 4027 1288 4102 sine
1318 4027 1534 4103 difficultate
1562 4029 1771 4126 persolvant
1800 4030 1905 4103 annis
1934 4027 2087 4128 singulis
2114 4025 2163 4103 ad

613 4153 788 4228 terminos
821 4152 1048 4251 supradictos
1089 4177 1180 4251 ques
1220 4153 1362 4252 prefato
1400 4152 1604 4228 Camerario
1641 4163 1765 4228 nostro
1799 4164 1836 4228 61
1868 4153 2045 4227 ministris
2087 4153 2163 4226 suis

614 4277 787 4377 predictis
816 4278 857 4352 in
886 4279 1063 4377 compotis
1093 4278 1168 4352 suis
1194 4280 1325 4353 annuis
1352 4279 1397 4353 de
1425 4278 1539 4353 firmis
1565 4279 1760 4353 eorundem
1790 4278 1896 4378 burgi
1923 4288 1960 4352 et
1986 4277 2162 4352 molendi·

614 4428 744 4478 norum
761 4402 954 4478 reddendis
971 4403 1139 4478 volumus
1167 4414 1204 4479 et
1229 4404 1449 4504 precipimus
1474 4430 1540 4503 per
1565 4415 1750 4504 presentes
1775 4405 1919 4504 plenius
1947 4403 2091 4478 allocari
2118 4403 2163 4478 In

615 4528 718 4604 cuius
751 4529 804 4603 rei
837 4530 1087 4604 testimonium
1120 4529 1186 4604 has
1219 4529 1344 4604 literas
1376 4541 1518 4605 nostras
1559 4541 1733 4630 perpetuo
1767 4531 1958 4605 duraturas
1990 4528 2164 4628 predictis

615 4653 791 4754 religiosis
818 4653 897 4728 fieri
924 4654 1076 4730 fecimus
1103 4666 1269 4754 patentes
1311 4656 1422 4755 Apud
1449 4655 1523 4731 Are
1552 4656 1724 4732 vicesimo
1753 4656 1910 4732 secundo
1940 4654 2001 4730 die
2029 4655 2164 4730 mensis

617 4779 784 4857 Octobris
801 4804 896 4854 anno
913 4781 1014 4880 regni
1031 4781 1147 4855 nostri
1163 4791 1274 4858 sexto,

1287 5005 1492 5085 Ansraacr.

693 5177 954 5256 Confirmation
983 5179 1034 5280 by
1063 5179 1200 5257 Robert
1228 5182 1293 5258 the
1322 5182 1474 5277 Second,
1502 5185 1604 5286 King
1630 5184 1671 5260 61
1690 5183 1802 5276 Scots,
1823 5187 1865 5261 61
1885 5187 2013 5264 1611616
2037 5198 2166 5288 11616111

618 5305 772 5406 granted
799 5305 851 5404 by
866 5305 924 5380 his
946 5305 1183 5407 grandfather
1208 5307 1251 5382 61
1275 5308 1476 5384 illustrious
1498 5335 1671 5408 memory,
1691 5311 1793 5412 King
1819 5313 1956 5390 Robert
1974 5313 2037 5390 tha
2057 5314 2165 5407 First,

619 5433 659 5505 in
675 5431 803 5505 favour
820 5431 861 5506 61
873 5432 937 5506 the
954 5432 1053 5532 prior
1069 5431 1143 5506 and
1160 5443 1318 5510 convent
1335 5435 1377 5509 of
1390 5435 1452 5510 the
1469 5435 1589 5510 Friars
1606 5436 1801 5513 Preachers
1818 5439 1858 5514 of
1871 5438 1960 5540 Ayr,
1978 5440 2018 5514 in
2034 5441 2168 5540 special
