5142 6684
589 819 628 880 32
841 815 1060 880 CHARTERS
1082 814 1134 879 OF
1155 814 1240 877 THE
1261 812 1413 878 FRIARS
1435 813 1680 880 PREAOHERS
1702 816 1755 882 OF
1776 816 1872 882 AYR.

587 1003 633 1078 de
651 1003 724 1078 Are
741 1002 787 1078 de
813 1003 985 1078 mandato
1012 1012 1137 1079 nostro
1164 1005 1261 1080 visas
1287 1004 1399 1080 lectas
1426 1005 1607 1106 inspectas
1629 1017 1667 1081 et
1693 1005 1887 1107 diligenter
1912 1008 2137 1084 examinatas

586 1155 662 1204 non
687 1155 787 1204 rasas
814 1155 890 1204 non
923 1128 1077 1203 abolitas
1107 1155 1181 1204 non
1210 1131 1425 1205 cancellatas
1454 1131 1588 1205 necin
1618 1131 1739 1230 aliqua
1768 1133 1954 1234 6111116116
1984 1136 2137 1210 viciatas

585 1255 808 1331 intellexisse
838 1255 905 1329 sub
936 1254 1004 1329 hac
1033 1253 1150 1329 forma
1180 1254 1360 1330 Robertus
1389 1256 1461 1330 Dei
1489 1257 1610 1356 gracia
1637 1282 1702 1331 rex
1732 1257 1939 1334 Scottorum
1969 1261 2137 1337 omnibus

587 1381 710 1483 probis
738 1381 944 1456 hominibus
971 1381 1089 1456 tocius
1118 1391 1212 1457 terre
1242 1407 1306 1456 sue
1335 1381 1491 1456 salutem
1521 1381 1650 1458 Sciatis
1680 1408 1747 1458 nos
1776 1409 1843 1483 pro
1872 1385 1988 1460 salute
2018 1387 2138 1460 anime

588 1518 711 1583 nostre
736 1518 774 1582 et
795 1509 998 1582 animarum
1023 1518 1289 1582 antecessorum
1307 1517 1344 1582 et
1369 1533 1614 1582 successorum
1639 1519 1846 1584 nostrorum
1871 1536 1998 1610 regum
2017 1510 2138 1586 Scocie

588 1635 803 1710 concessisse
821 1644 859 1708 61
874 1632 941 1707 hac
957 1635 1118 1731 presenti
1135 1643 1235 1708 carta
1260 1644 1383 1710 nostra
1400 1633 1627 1710 confirmasse
1643 1633 1831 1710 Fratribus
1849 1635 2138 1711 Predicatoribus

589 1759 634 1835 de
651 1759 725 1834 Are
742 1759 841 1858 quod
857 1759 929 1857 ipsi
955 1759 1067 1833 libere
1093 1761 1233 1834 molant
1259 1760 1337 1834 sine
1364 1760 1526 1835 multura
1552 1761 1600 1835 ad
1627 1761 1835 1836 molendina
1862 1772 1986 1837 nostra
2001 1762 2048 1837 16
2064 1761 2138 1836 Α16

588 1885 697 1961 blada
724 1884 772 1960 ad
787 1885 928 1959 victum
955 1910 1080 1958 eorum
1107 1885 1403 1984 qualitercunque
1430 1887 1631 1961 necessaria
1647 1897 1685 1962 et
1711 1887 1811 1986 quod
1837 1888 1908 1987 ipsi
1934 1888 1974 1961 in
2001 1887 2137 1961 molen·

588 2012 675 2087 diuo
692 2012 767 2086 sint
783 2010 887 2086 nobis
903 2010 1139 2108 proximiores
1156 2010 1237 2109 alijs
1264 2010 1540 2110 quibuscunque
1566 2011 1605 2084 in
1631 2011 1850 2088 molendinis
1876 2013 2050 2112 predictis
2093 2013 2139 2088 In

455 2141 459 2150 '
586 2141 689 2215 cuius
714 2139 767 2213 rai
791 2137 1041 2213 testimonium
1068 2137 1227 2235 presenti
1255 2146 1351 2210 carta
1377 2136 1539 2236 sigillum
1566 2148 1731 2214 nostrum
1757 2139 1976 2238 precipimus
2002 2140 2139 2238 apponi

585 2265 742 2340 testibus
768 2265 930 2340 Waltero
955 2266 1000 2339 de
1028 2263 1217 2337 Twinham
1244 2263 1453 2338 cancellario
1480 2274 1605 2339 nostro
1632 2265 1771 2340 Thoma
1795 2265 1981 2364 Ranulphi
2007 2266 2138 2340 comite

586 2392 750 2467 Moravic
776 2391 922 2467 domino
948 2391 1053 2465 vallis
1079 2388 1248 2464 Anandie
1274 2400 1312 2464 et
1333 2389 1484 2464 Mannie
1509 2400 1641 2489 nepote
1667 2404 1793 2468 nostro
1827 2392 1963 2468 laccho
1989 2392 2137 2467 domino

586 2518 632 2593 16
649 2517 811 2618 Douglas
831 2527 869 2592 et
894 2515 1101 2592 Alexandro
1126 2514 1170 2590 16
1197 2513 1310 2589 Seton
1325 2514 1506 2589 militibus
1559 2515 1672 2615 Apud
1690 2517 1947 2593 Inchemichell
1964 2518 2137 2592 vicesimo

586 2645 703 2744 primo
738 2645 797 2718 die
830 2642 1013 2742 Februarij
1051 2667 1147 2717 anno
1184 2641 1288 2739 regni
1320 2641 1435 2716 nostri
1461 2643 1633 2718 vicesimo
1668 2645 1780 2718 tercio
1810 2642 1975 2718 Secunde
2013 2653 2136 2718 autem

586 2779 684 2845 carte
701 2768 986 2844 confirmacionis
1003 2778 1108 2842 tenor
1123 2767 1208 2841 talis
1229 2775 1285 2840 est
1301 2765 1480 2841 Robertus
1496 2767 1567 2842 Dei
1577 2769 1698 2868 gracia
1710 2794 1773 2843 rex
1792 2767 2001 2844 Scottorum
2021 2767 2137 2842 omni·

585 2895 654 2971 bus
687 2894 808 2994 probis
837 2893 1045 2969 hominibus
1074 2894 1149 2968 suis
1180 2892 1227 2967 ad
1254 2918 1345 2991 quos
1378 2904 1562 2990 presentes
1587 2895 1690 2970 litere
1715 2896 1948 2993 pervenerint
1981 2894 2136 2970 salutem

585 3021 717 3097 Sciatis
733 3047 799 3095 nos
815 3019 938 3094 literas
955 3019 1104 3094 celebris
1120 3019 1291 3094 memorie
1318 3017 1458 3092 domini
1485 3020 1545 3094 avi
1571 3019 1829 3119 predecessoris
1856 3022 1971 3096 nostri
1998 3021 2138 3096 domini

585 3147 734 3224 Robcrti
750 3146 821 3220 Dei
837 3145 958 3245 gracia
973 3145 1068 3245 regis
1092 3142 1300 3218 Scottorum
1316 3144 1553 3219 demandato
1575 3155 1698 3220 nostro
1715 3147 1812 3222 visas
1827 3146 1940 3222 lectas
1957 3147 2139 3246 inspectas

585 3287 624 3353 et
640 3276 833 3376 diligenter
849 3273 1074 3350 examinatas
1090 3296 1164 3344 non
1181 3271 1333 3344 viciatas
1358 3295 1433 3344 non
1458 3271 1673 3346 cancellatas
1689 3298 1764 3347 non
1779 3299 1877 3347 rasas
1893 3299 1967 3346 non
1984 3273 2138 3348 abolitas

584 3412 641 3480 set
657 3402 757 3477 omni
773 3425 919 3500 prorsus
935 3399 1031 3476 vicio
1049 3407 1087 3473 et
1104 3397 1307 3496 suspicione
1324 3407 1486 3472 carentes
1502 3397 1723 3474 intellexisse
1741 3399 1787 3474 16
1803 3398 1913 3474 verbo
1927 3398 1975 3473 ad
1985 3398 2138 3474 verbum

585 3528 653 3604 sub
670 3529 738 3602 hac
763 3527 880 3601 forma
926 3524 1107 3600 Robertus
1124 3521 1195 3596 Dei
1211 3521 1331 3622 gracia
1346 3546 1411 3595 rex
1428 3519 1634 3598 Scottorum
1659 3523 1827 3598 omnibus
1843 3524 1965 3623 probis
1981 3524 2137 3600 homini-

585 3653 654 3729 bus
681 3653 798 3728 tocius
824 3661 920 3727 terre
947 3676 1011 3725 sue
1038 3649 1193 3723 salutem
1221 3646 1353 3722 Sciatis
1379 3672 1446 3721 nos
1472 3673 1537 3745 pro
1566 3648 1683 3724 salute
1713 3651 1832 3724 anime
1858 3660 1981 3725 nostre
2008 3660 2047 3725 et
2072 3676 2137 3750 pro

585 3781 704 3855 salute
738 3779 940 3852 animarum
974 3785 1240 3850 antecessorum
1274 3781 1312 3847 et
1347 3797 1591 3846 successorum
1624 3783 1829 3848 nostrorum
1862 3801 1989 3875 regum
2014 3774 2138 3850 Scocie

586 3905 728 3981 dedisse
746 3905 959 3980 concessisse
976 3912 1013 3977 61
1029 3927 1094 4000 per
1110 3909 1296 3999 presentes
1313 3897 1438 3973 literas
1454 3910 1595 3974 nostras
1612 3899 1841 3976 confirmasse
1857 3901 2033 4002 religiosis
2049 3901 2138 3976 viris

585 4032 697 4131 priori
714 4041 752 4106 et
768 4029 965 4106 conventui
982 4027 1153 4102 Fratrum
1167 4024 1438 4099 Predicatorum
1451 4025 1497 4099 de
1513 4024 1587 4100 Are
1603 4027 1739 4126 viginti
1756 4026 1865 4102 libras
1883 4026 2138 4127 sterlingorum

585 4158 631 4233 16
649 4155 845 4232 elemosina
859 4165 983 4230 nostra
1008 4152 1154 4251 speciali
1171 4149 1218 4226 61
1235 4151 1541 4225 sustentacionem
1567 4153 1712 4228 ecclesie
1729 4161 1767 4226 et
1783 4153 1973 4227 domorum
1990 4178 2136 4227 suarum

585 4280 833 4382 percipiendas
858 4279 1050 4355 annuatim
1076 4277 1121 4352 16
1146 4277 1274 4377 primis
1299 4275 1413 4350 firmis
1438 4277 1729 4354 molendinorum
1754 4290 1960 4354 nostrorum
1977 4289 2015 4353 61
2031 4279 2138 4381 burgi

585 4409 700 4484 nostri
717 4409 762 4482 de
779 4406 852 4481 Are
869 4405 916 4480 ad
932 4405 1106 4480 terminos
1123 4403 1357 4477 Pentecostes
1375 4412 1412 4476 61
1429 4401 1555 4477 Sancti
1571 4403 1724 4477 Martini
1748 4404 1788 4478 in
1812 4430 1919 4504 yeme
1934 4431 2001 4504 pro
2018 4406 2139 4504 equali

584 4535 753 4634 porcione
770 4559 835 4633 per
859 4557 989 4606 manus
1007 4529 1197 4628 Camerarij
1217 4528 1333 4602 nostri
1358 4527 1481 4602 Scocie
1499 4538 1536 4603 61
1552 4529 1801 4603 ministrorum
1827 4555 1974 4604 suorum
1992 4532 2056 4630 qui
2071 4557 2137 4630 pro

584 4669 747 4757 tempore
763 4657 900 4732 fuerint
924 4656 1059 4754 absque
1076 4655 1198 4753 aliqua
1215 4651 1502 4728 contradiccione
1544 4653 1590 4727 In
1612 4655 1715 4730 cuius
1734 4657 1787 4730 rei
1803 4657 2055 4732 testimonium
2072 4657 2138 4732 has

584 4785 709 4860 literas
727 4794 868 4858 nostras
884 4792 1058 4882 perpetuo
1075 4780 1267 4855 duratruas
1284 4779 1354 4854 sibi
1370 4777 1449 4853 fieri
1465 4778 1616 4853 fecimus
1632 4791 1801 4878 patentes
1819 4781 1917 4880 apud
1935 4782 2081 4858 Gervan
2097 4784 2138 4858 in

585 4911 712 4987 Oarrik
729 4919 833 4985 sexto
850 4909 910 4983 die
935 4907 1122 4982 Februarii
1142 4931 1237 4980 anno
1262 4905 1365 5004 regni
1390 4905 1507 4979 nostri
1532 4904 1703 4980 vicesimo
1727 4907 1839 4981 tercio
1892 4907 2138 5008 Quasquidem

583 5037 707 5112 literas
736 5037 776 5110 in
806 5034 974 5109 omnibus
1001 5041 1038 5108 et
1063 5032 1215 5128 singulis
1241 5030 1411 5104 clausulis
1437 5029 1709 5106 condicionibus
1736 5032 1898 5108 articulis
1923 5044 1961 5108 et
1985 5036 2136 5110 circum·

583 5163 734 5263 stancijs
760 5161 834 5236 suis
859 5159 1038 5234 universis
1063 5157 1178 5231 forma
1203 5157 1339 5254 pariter
1365 5165 1403 5230 61
1428 5154 1558 5230 effectu
1588 5155 1810 5232 ratificamus
1836 5159 2077 5259 approbamus
2100 5171 2138 5236 et

583 5317 649 5391 pro
666 5289 770 5365 nobis
796 5296 834 5362 61
849 5285 982 5360 nostris
1000 5282 1191 5358 heredibus
1217 5281 1486 5379 imperpetuum
1511 5281 1765 5358 confirmamus
1815 5285 1865 5360 Et
1881 5286 2138 5363 nichilominus

583 5442 649 5516 pro
674 5414 779 5490 nobis
805 5423 842 5488 61
876 5409 1010 5487 eisdem
1041 5407 1175 5483 nostris
1200 5406 1392 5482 heredibus
1425 5407 1578 5508 prefatis
1619 5409 1796 5509 religiosis
1830 5436 1876 5486 ex
1909 5411 2138 5489 habundanti
