5142 6684
617 783 636 842 t
869 778 1090 844 CHARTERS
1112 777 1165 844 OF
1186 779 1272 844 THE
1294 777 1446 846 efflans
1467 777 1715 844 essecutus
1738 778 1791 846 OF
1811 777 1908 842 Ars.

615 965 836 1044 dicatoribus
852 965 982 1043 domus
999 975 1122 1042 sancte
1140 964 1315 1042 Ksterine
1336 965 1382 1040 de
1404 969 1476 1042 Are
1497 965 1726 1066 presentibus
1756 976 1794 1044 et
1818 964 2010 1074 futurisin
2036 985 2164 1062 puram

616 1103 654 1167 et
678 1103 892 1191 perpetuam
918 1091 1149 1166 elemosinam
1178 1117 1244 1189 pro
1274 1091 1501 1168 exhibicione
1527 1093 1637 1170 unius
1664 1091 1862 1168 sacerdotis
1887 1088 2103 1166 celebrantis
2129 1097 2167 1162 et

614 1217 754 1292 lumine
767 1217 1021 1316 exspendendo
1047 1219 1087 1291 in
1104 1217 1267 1316 cappella
1291 1217 1396 1293 beate
1413 1218 1529 1293 Maria
1545 1219 1699 1320 virginis
1724 1218 1905 1294 dictorum
1921 1217 2075 1290 fratrum
2100 1237 2166 1312 per

614 1369 681 1418 nos
708 1353 915 1418 constructa
940 1370 1006 1442 pro
1033 1345 1154 1418 anima
1180 1353 1303 1417 nostra
1331 1353 1368 1418 et
1395 1344 1583 1419 animabus
1608 1354 1803 1444 parentum
1831 1351 2037 1420 nostrorum
2064 1347 2166 1414 ante·

615 1494 796 1544 cessorum
822 1479 859 1544 et
885 1495 1128 1544 successorum
1154 1480 1192 1544 et
1218 1494 1284 1567 pro
1311 1468 1500 1543 animabus
1525 1471 1689 1544 omnium
1713 1469 1877 1545 fidelium
1910 1467 2165 1542 defunctorum

614 1597 882 1694 imperpetuum
899 1595 1003 1669 illum
1020 1621 1183 1670 annuum
1199 1595 1385 1669 redditum
1403 1606 1549 1670 centum
1566 1595 1764 1670 solidorum
1780 1595 1885 1670 nobis
1901 1593 2066 1669 debiturn
2089 1591 2166 1666 sive

614 1733 808 1798 exeuntem
822 1722 867 1796 de
879 1732 976 1796 terra
988 1721 1033 1796 de
1047 1720 1135 1796 Oars
1152 1731 1190 1795 et
1207 1721 1252 1796 de
1269 1719 1509 1796 Bulschalach
1525 1720 1620 1794 infre
1636 1721 1734 1820 Kyle
1750 1720 1846 1820 regis
1862 1745 1903 1794 ac
1921 1719 2035 1794 eciam
2050 1727 2167 1792 totam

612 1848 713 1924 illam
729 1849 868 1947 peciam
885 1857 979 1922 terre
994 1873 1077 1921 cum
1089 1847 1322 1945 pertinenciis
1334 1846 1379 1920 de
1396 1846 1559 1946 Duppoll
1576 1873 1646 1948 que
1663 1857 1766 1924 erant
1782 1846 1966 1946 quondam
1986 1843 2013 1921 J
2015 1845 2168 1920 ohannis

613 1971 661 2048 de
690 1973 912 2071 Kyhnernoc
942 1972 1038 2046 infra
1067 1997 1213 2070 campos
1239 1972 1347 2072 burgi
1376 1971 1422 2047 de
1449 1973 1523 2046 Are
1549 1971 1726 2048 tenendas
1753 1983 1790 2048 et
1816 1971 2001 2050 habendas
2030 1969 2166 2046 eisdem

613 2097 785 2173 fratribus
803 2109 840 2172 et
862 2123 986 2172 eorum
1006 2097 1269 2172 successoribus
1287 2124 1309 2171 a
1325 2097 1430 2172 nohis
1456 2108 1494 2172 et
1519 2098 1711 2174 heredibus
1740 2098 1874 2172 nostris
1897 2098 2166 2196 imperpetuum

612 2249 678 2324 per
694 2249 819 2298 omnes
834 2233 950 2298 rectas
967 2233 1083 2298 metas
1100 2232 1137 2296 et
1153 2223 1289 2298 divisas
1310 2249 1393 2298 sues
1414 2249 1498 2298 eum
1522 2224 1691 2300 omnibus
1715 2223 1944 2300 libertatibus
1970 2223 2165 2300 commodi-

612 2349 750 2426 tatibus
780 2360 817 2424 et
845 2349 1065 2448 asyamentis
1094 2348 1141 2423 ad
1170 2348 1306 2424 dictam
1336 2349 1477 2448 peciam
1505 2359 1600 2425 terre
1630 2348 1878 2448 spectantibus
1908 2375 1973 2426 seu
2006 2360 2167 2449 spectare

612 2477 819 2552 valentibus
844 2477 884 2550 in
908 2475 1076 2550 futurum
1101 2475 1190 2550 adeo
1215 2475 1328 2550 libere
1353 2485 1391 2550 et
1411 2476 1532 2574 quiete
1557 2475 1718 2575 plenarie
1742 2477 1882 2575 integre
1908 2485 1946 2550 et
1970 2474 2167 2552 honorifice

613 2602 705 2678 bene
723 2613 761 2678 et
776 2603 816 2676 in
831 2627 920 2700 pace
937 2603 1032 2676 sicut
1048 2601 1162 2701 aliqui
1177 2601 1335 2701 religiosi
1360 2602 1519 2700 aliquam
1534 2613 1748 2702 perpetuam
1773 2603 2005 2678 elemosinam
2021 2602 2061 2676 in
2085 2611 2166 2677 toto

612 2753 724 2828 regno
755 2727 877 2802 Scoeie
907 2727 1044 2804 habent
1073 2753 1137 2804 seu
1165 2727 1335 2826 posident
1364 2727 1414 2802 Et
1439 2754 1507 2804 nos
1541 2753 1627 2804 vcro
1661 2728 1846 2828 predictus
1878 2727 2094 2802 Malcolmus
2128 2738 2167 2804 et

613 2851 762 2928 heredes
791 2853 908 2928 nostri
937 2863 1058 2928 totum
1084 2853 1288 2950 predictum
1324 2879 1486 2929 annuum
1512 2854 1698 2930 redditum
1728 2863 1876 2930 centum
1903 2852 2101 2928 solidorum
2128 2863 2166 2930 et

613 2987 731 3052 totam
767 2978 969 3078 predictam
1010 2980 1150 3078 peciam
1183 2988 1278 3054 terre
1312 3004 1396 3054 cum
1429 2979 1662 3078 pertinenciis
1700 2978 1875 3078 predictis
1911 2977 2084 3054 fratribus
2125 2979 2166 3052 in

613 3105 781 3179 omnibus
799 3114 836 3178 et
852 3131 916 3202 per
932 3105 1054 3179 omnia
1070 3115 1114 3178 ut
1129 3105 1371 3203 prescriptum
1387 3115 1442 3178 est
1467 3113 1595 3178 contra
1619 3129 1745 3178 omnes
1766 3104 1933 3178 viventes
1955 3101 2166 3178 warantiza-

612 3227 732 3302 bimus
745 3227 1032 3326 acquietabimus
1045 3239 1082 3302 ct
1094 3230 1364 3328 imperpetuum
1381 3228 1617 3304 defendemus
1655 3229 1713 3304 vIu
1729 3229 1832 3304 cuius
1848 3229 1900 3303 rei
1916 3228 2167 3302 testimonium

612 3357 773 3454 presenti
790 3365 887 3430 carte
910 3365 1032 3429 nostre
1053 3355 1214 3454 sigillum
1237 3365 1402 3429 nostrum
1419 3365 1475 3428 est
1500 3379 1701 3454 appensum
1725 3354 1808 3430 Hiis
1829 3353 1983 3430 testibus
2009 3353 2166 3428 dominis

612 3479 790 3554 Dunccno
814 3478 979 3555 Cambel1
1004 3479 1123 3554 Alano
1141 3479 1186 3552 de
1204 3477 1406 3554 Kathkert²
1431 3479 1590 3554 Roberto
1607 3478 1771 3577 Wallays
1787 3478 1967 3554 militibus
1985 3489 2022 3554 et
2038 3479 2166 3554 multis

612 3603 693 3678 aliis
743 3604 882 3679 Datum
906 3602 1004 3703 apud
1020 3603 1093 3678 Are
1111 3605 1222 3681 tercio
1240 3603 1300 3679 die
1326 3605 1461 3680 mensis
1488 3603 1576 3704 Maij
1607 3605 1694 3680 anni
1720 3603 1859 3678 domini
1885 3604 2070 3682 millesimi
2096 3601 2166 3680 ccci

613 3729 785 3804 tricesimi
802 3729 922 3805 sexti⁸

1285 3905 1492 3982 Ansrnscr.

691 4105 845 4180 Cherter
866 4104 918 4204 by
940 4103 1113 4179 Malcolm
1138 4104 1329 4204 Flemyng,
1356 4103 1443 4178 Earl
1467 4103 1509 4177 of
1530 4101 1694 4203 Wigton‚
1721 4105 1896 4206 grenting
1920 4115 1959 4180 to
1986 4107 2068 4182 God
2092 4109 2166 4183 and

615 4230 721 4308 Ssint
737 4231 855 4329 May,
874 4231 947 4305 and
968 4241 1008 4305 to
1035 4229 1098 4304 the
1126 4229 1246 4304 Friars
1273 4229 1466 4304 Preachers
1494 4230 1535 4303 of
1558 4228 1622 4304 the
1638 4228 1751 4303 house
1768 4229 1810 4303 of
1833 4230 1887 4306 St.
1907 4231 2110 4308 Katherine
2127 4234 2169 4308 of

615 4357 705 4456 Ayr,
735 4358 774 4430 in
801 4381 890 4454 pure
918 4356 991 4430 and
1016 4355 1205 4455 perpetual
1232 4354 1334 4444 alms,
1361 4353 1417 4428 for
1444 4354 1508 4429 the
1534 4353 1787 4430 maintenance
1810 4356 1851 4430 of
1872 4383 1939 4432 one
1966 4357 2165 4461 officiating

615 4483 739 4580 priest,
762 4482 835 4557 and
851 4480 946 4582 light
961 4492 1001 4556 to
1017 4481 1064 4556 be
1086 4481 1176 4556 used
1192 4481 1232 4555 in
1248 4481 1311 4556 the
1328 4479 1456 4578 chapel
1480 4479 1522 4555 of
1538 4480 1602 4554 the
1618 4479 1759 4556 blessed
1776 4481 1907 4583 Virgin
1924 4485 2031 4584 Mary
2049 4485 2089 4560 of
2101 4485 2165 4560 the

616 4609 694 4683 said
705 4609 820 4699 friars,
833 4608 927 4684 built
939 4608 1063 4708 bytho
1080 4609 1158 4684 said
1172 4609 1254 4697 eorl,
1265 4608 1322 4682 for
1333 4609 1391 4683 his
1406 4634 1488 4684 own
1506 4608 1587 4688 soul
1598 4609 1673 4684 and
1685 4608 1749 4683 the
1767 4609 1863 4682 souls
1882 4609 1922 4684 of
1936 4609 1992 4687 his
2009 4621 2165 4709 parents,

618 4745 696 4824 etc,
717 4759 764 4807 an
782 4733 998 4808 annualrent
1023 4734 1064 4808 of
1093 4741 1163 4808 100
1192 4733 1359 4834 shillings
1376 4744 1442 4808 out
1460 4733 1501 4808 of
1523 4732 1587 4808 the
1603 4733 1709 4808 lande
1726 4733 1767 4807 of
1789 4733 1876 4808 Cars
1893 4734 1967 4809 and
1992 4735 2165 4812 Bulsche-

616 4858 699 4934 lach
716 4859 756 4932 in
773 4859 873 4956 Kyle
889 4859 1007 4959 regis:
1034 4859 1108 4933 and
1124 4859 1200 4934 also
1218 4859 1266 4933 all
1283 4859 1366 4934 that
1382 4860 1482 4958 piece
1499 4858 1541 4932 of
1563 4859 1663 4951 land,
1689 4858 1781 4933 with
1805 4859 1871 4934 the
1894 4861 2108 4958 pertinente,
2127 4861 2169 4935 of

617 4985 789 5083 Duppoll,
805 4985 923 5058 which
940 4983 1117 5084 belonged
1133 4995 1172 5058 to
1190 4985 1253 5058 the
1268 4984 1343 5059 late
1359 4983 1457 5058 John
1474 4984 1515 5058 ol
1528 4983 1760 5082 Kylmernoc,
1778 4984 1908 5058 within
1926 4985 1988 5060 the
2005 4985 2111 5060 lands
2128 4985 2170 5061 of

616 5111 680 5186 the
696 5110 815 5212 burgh
832 5111 873 5186 of
886 5111 973 5211 Ayr.
1026 5110 1148 5185 Dated
1165 5121 1204 5186 at
1222 5109 1300 5210 Ayr
1318 5109 1366 5185 ad
1384 5110 1474 5208 May
1494 5117 1601 5187 1336.

1033 5305 1043 5341 ²
1064 5311 1124 5382 Ray.
1137 5311 1212 5381 May.
1228 5309 1281 5381 Sty.
1296 5309 1413 5381 (Record
1425 5309 1549 5381 edition),
1562 5326 1589 5384 p.
1607 5313 1634 5378 8,
1648 5308 1700 5365 Νο.
1716 5313 1763 5365 38.

853 5403 865 5442 ²
888 5404 1031 5478 Douglcs’s
1045 5405 1156 5477 Peercqa
1170 5405 1278 5476 (1813),
1291 5403 1345 5461 vol
1361 5403 1378 5460 i
1392 5420 1419 5476 p.
1437 5407 1504 5462 339.
1686 5398 1698 5434 ⁸
1718 5402 1780 5459 Scal
1794 5403 1922 5477 wanting.
