5142 6684
601 793 699 860 miv
1265 791 1490 878 rrrrunrx

483 1069 487 1078 ,
603 982 707 1060 nauit
726 987 771 1058 18
790 981 974 1083 Februarij
994 1009 1089 1058 anno
1118 985 1224 1060 1587.
1279 979 1555 1082 Catholicosque
1580 1005 1715 1073 omncs,
1733 981 1900 1082 plurimis
1925 1005 2048 1058 eorum
2064 981 2154 1060 diris

604 1108 791 1209 supplicijs
807 1108 963 1199 truditis,
982 1109 1149 1209 persequi
1164 1133 1352 1208 nunquam
1368 1107 1525 1186 destitit.
1577 1106 1702 1208 Atque
1718 1107 1771 1183 ita
1783 1107 1921 1184 factum
1938 1117 1994 1183 est
2009 1117 2053 1183 vt
2069 1133 2153 1184 cum

604 1233 709 1312 Fidei
726 1234 922 1312 Catholicae
939 1235 1124 1312 euersione
1140 1235 1228 1310 haec
1244 1259 1391 1336 quoquc
1407 1233 1599 1308 Prouincio
1615 1233 1726 1309 fuerit
1742 1233 1783 1310 in
1800 1233 1935 1311 Ordine
1951 1234 2105 1314 sublata.

1306 1609 1375 1686 Nc.
1397 1613 1447 1688 II.

1047 1837 1136 1915 ΤΙΤ.
1159 1845 1239 1914 130.
1291 1837 1534 1914 OANDIDAE
1556 1838 1719 1917 (ΒΑΒΙΚ1

607 2037 648 2113 P.
681 2037 720 2115 E.
750 2037 869 2113 Anam
898 2059 947 2112 Dr
977 2037 1124 2126 Scorm,
1145 2037 1327 2112 candidae
1353 2039 1455 2113 Oasae
1480 2039 1677 2115 Ecclesiam
1693 2037 1943 2138 Episcopslem
1968 2037 2008 2113 in
2034 2036 2156 2114 Scotia

608 2162 824 2238 existentem
849 2163 1044 2264 regendam
1062 2162 1223 2239 obtinuit
1240 2163 1286 2238 ab
1303 2161 1451 2240 Vrbano
1466 2163 1524 2255 V.,
1546 2173 1591 2240 15
1616 2164 1699 2242 Kal
1719 2163 1887 2242 Decemb.
1908 2189 2003 2238 anno
2028 2163 2155 2239 milles.

606 2290 858 2365 trecentesimo
888 2289 1109 2389 sexagesimo
1138 2289 1249 2365 tertio
1275 2290 1509 2388 pontificatus
1537 2291 1593 2365 sui
1620 2299 1656 2382 2,
1684 2300 1793 2390 prout
1825 2288 1911 2363 libri
1938 2287 2156 2388 prouisionis

607 2413 846 2490 Praelutorum
863 2415 1024 2490 eiusdem
1041 2416 1148 2492 Pont.
1175 2415 1274 2490 Max.
1292 2425 1476 2491 testantur
1501 2415 1546 2490 de
1571 2441 1643 2516 quo
1667 2440 1735 2492 nec
1750 2413 1904 2488 verbum
1926 2413 2074 2514 quidem
2100 2425 2157 2489 est

606 2539 706 2638 apud
726 2540 811 2618 Ord.
829 2539 1036 2641 Scriptores

1157 2715 1247 2794 TIT.
1268 2720 1353 2796 537.
1402 2714 1616 2793 SOOHAE'

607 2921 738 2996 Pisas
771 2919 831 2997 Fr.
870 2919 1034 2994 Clemens
1067 2919 1210 3021 Anglus
1248 2946 1293 2996 cx
1326 2920 1529 3020 Anglicuna
1560 2919 1747 3019 prouincia
1780 2917 1826 2994 ab
1859 2919 2046 2995 Innocetio
2080 2919 2156 3009 Iv,

607 3058 748 3122 creatus
776 3057 832 3122 cst
861 3045 1061 3145 Episcopus
1089 3046 1230 3137 Scotiae,
1247 3047 1350 3121 cuius
1379 3045 1424 3121 fit
1457 3047 1595 3121 mentio
1628 3045 1668 3119 in
1701 3045 1805 3119 Actis
1839 3044 1956 3144 Capit.
1989 3045 2155 3120 Generel.

607 3171 804 3264 Londonis,
823 3198 919 3247 anno
939 3179 1035 3246 1250
1055 3170 1234 3262 celebrati,
1253 3172 1293 3246 in
1317 3171 1415 3246 hunc
1439 3171 1587 3248 modu:
1614 3177 1636 3209 “
1648 3169 1886 3245 Ooncedimus
1905 3169 1945 3246 F.
1965 3169 2156 3259 Clementi,

608 3269 693 3376 Ord,
713 3300 830 3374 nostri
855 3299 1033 3398 Episcopo
1060 3297 1201 3373 Scotiae
1227 3305 1311 3395 post
1337 3307 1494 3372 mortem
1519 3322 1631 3370 vnam
1657 3297 1805 3370 missam
1831 3320 1896 3395 per
1922 3295 2107 3386 Ordinem,
2134 3293 2158 3370 b

608 3425 772 3525 quolibet
788 3425 915 3499 Fratre
933 3421 1134 3514 Sacerdote,
1154 3424 1185 3497 lc
1201 3422 1241 3497 in
1258 3421 1449 3497 Prouincia
1465 3421 1610 3524 Angliae
1629 3420 1695 3496 fiet
1720 3446 1787 3521 pro
1811 3446 1863 3511 eo,
1882 3420 1980 3521 quod
1996 3447 2062 3521 pro
2087 3421 2159 3496 clio

608 3543 768 3628 Fratre.’'

1294 3774 1363 3851 No.
1392 3774 1477 3852 ΙΙΙ.8

903 3999 1038 4076 DEED
1065 3999 1128 4076 OE
1156 3997 1463 4094 EXOAMBION,
1491 3997 1548 4074 IN
1573 3999 1725 4076 APRIL
1756 4003 1862 4080 1477.

862 4151 1087 4228 Pnnsnnvnn
1113 4173 1155 4226 ns
1180 4172 1257 4225 rim
1282 4151 1420 4226 Bunon
1447 4149 1574 4226 Oounr
1599 4151 1706 4228 Boon
1731 4175 1777 4227 or
1801 4151 1900 4229 Ars.

613 4356 737 4433 Ouum
759 4355 924 4454 capitalis
940 4354 1048 4454 burgi
1073 4352 1119 4428 de
1144 4353 1218 4428 Are
1235 4353 1275 4426 in
1292 4361 1405 4450 septo.
1426 4363 1518 4428 tent.
1538 4379 1658 4428 corum
1674 4353 1699 4428 J
1700 4353 1811 4430 acobo
1828 4355 1934 4431 Blera
1951 4355 2159 4433 aldermano

612 4481 732 4557 Johne
765 4481 897 4555 Brown
926 4491 964 4554 et
993 4479 1113 4554 Johne
1139 4477 1244 4554 Steill
1269 4477 1421 4578 bailyeis
1443 4479 1507 4551 xxi
1532 4477 1591 4552 die
1615 4479 1748 4555 mensis
1772 4479 1910 4579 Aprilis
1939 4507 2035 4556 anno
2060 4481 2155 4558 dom.

612 4607 676 4684 Jm
685 4606 899 4706 iiijclxxvij,
913 4631 960 4704 ye
973 4605 1102 4704 qubilk
1114 4603 1187 4703 day
1198 4604 1230 4678 it
1242 4629 1316 4678 was
1329 4603 1497 4702 apoyntit
1514 4603 1698 4678 concordit
1715 4605 1888 4704 &fullely
1904 4605 2006 4680 endit
2022 4606 2159 4681 betwix

614 4732 745 4808 worthi
756 4757 841 4806 men
858 4742 924 4830 yat
941 4731 972 4804 is
988 4741 1028 4806 to
1053 4755 1119 4829 say
1134 4755 1181 4828 yc
1205 4728 1262 4804 for
1285 4730 1439 4828 writtyn
1464 4727 1649 4802 alderman
1673 4728 1825 4828 bailyeis
1850 4731 1881 4804 ὰ
1907 4731 2103 4806 comunitie
2122 4731 2164 4806 of

614 4884 662 4958 ye
678 4857 757 4932 said
773 4857 892 4956 burgh
908 4881 956 4930 on
971 4881 1018 4954 ye
1035 4866 1075 4930 ta
1090 4865 1173 4954 part
1190 4854 1302 4929 anda
1325 4854 1456 4929 worthi
1480 4853 1665 4953 Religious
1689 4879 1776 4930 man
1797 4855 1885 4930 Frer
1900 4855 2029 4931 Patrilr
2044 4857 2159 4958 Pulty

615 4983 746 5060 Priour
761 4983 803 5057 of
814 5008 862 5082 ye
878 4981 984 5056 Frcrs
1001 4980 1200 5056 Prechours
1217 4979 1258 5055 of
1271 4979 1383 5056 Senot
1404 4979 1552 5078 Ketryn
1577 4981 1608 5054 11
1632 4979 1691 5053 bis
1716 4991 1881 5057 conwent
1904 5007 1952 5056 on
1967 5007 2015 5081 ye
2031 4981 2160 5058 toddcr

676 5212 686 5244 ²
706 5214 818 5271 Sacrum
832 5211 974 5268 Electrum
986 5212 1203 5268 Domiaiccnum.
1236 5209 1438 5269 concinnatum
1452 5208 1469 5264 t
1482 5209 1512 5264 P.
1521 5206 1594 5282 Meg
1606 5208 1638 5266 E.
1646 5208 1794 5266 Vincentio
1803 5210 1893 5268 Maria
1902 5211 2035 5270 Eontrns.
2062 5212 2158 5272 Romu

615 5302 813 5363 Mncnxvr.
825 5319 853 5376 p.
867 5306 934 5357 114.

709 5387 721 5422 ⁸
742 5395 815 5454 Ibid.
829 5414 856 5470 p.
873 5398 942 5452 292.
1261 5391 1272 5423 ⁸
1292 5393 1375 5450 From
1389 5393 1437 5452 the
1450 5395 1638 5470 unpubllshed
1650 5403 1728 5454 notes
1742 5397 1773 5455 ol
1783 5399 1836 5456 Mr.
1849 5399 1965 5472 Murruy
1978 5399 2065 5473 Lyon.
