5138 6694
611 811 651 872 91
866 804 1085 870 GHARTERS
1108 804 1161 868 OF
1181 804 1267 868 THE
1287 802 1438 868 FRIARS
1459 803 1707 868 PREAOHERS
1729 804 1783 869 OF
1804 803 1900 868 AYR

608 997 880 1072 Predicatorum
906 995 1053 1072 ecclesie
1079 1003 1202 1069 sancte
1232 993 1434 1068 Katherine
1460 993 1552 1067 dicti
1576 992 1682 1094 burgi
1707 1005 1745 1070 et
1769 1020 1893 1070 eorum
1917 1021 2161 1071 successorum

608 1249 784 1325 naturalis
803 1247 893 1323 dicti
910 1246 991 1322 Adc
1013 1247 1173 1322 Wallace
1198 1255 1318 1321 totum
1336 1254 1374 1320 et
1391 1245 1574 1344 integrum
1601 1269 1708 1319 suum
1732 1244 1886 1320 liberum
1911 1256 2162 1323 tenementum
2267 1317 2271 1328 .

608 1373 770 1450 eiusdem
798 1372 1001 1448 molendini
1031 1397 1115 1447 cum
1144 1372 1244 1446 dicta
1276 1370 1380 1470 pecie
1411 1379 1506 1444 terre
1536 1369 1634 1445 dicto
1663 1369 1873 1444 molendino
1907 1381 2094 1470 spectante
2123 1383 2162 1448 et

606 1501 812 1600 pertinente
846 1524 888 1573 66
912 1497 1066 1597 piscaria
1100 1495 1304 1571 salmonum
1328 1494 1374 1570 de
1409 1494 1521 1569 croeis
1556 1493 1597 1568 in
1626 1493 1667 1594 ly
1696 1494 1861 1594 myldam
1887 1495 2048 1571 eiusdem
2077 1523 2161 1572 aum

607 1625 775 1701 omnibus
792 1634 830 1698 61
852 1622 1005 1723 singulis
1032 1623 1108 1696 suis
1134 1621 1365 1720 pertinenciis
1389 1619 1514 1719 jacens
1538 1629 1582 1695 ut
1608 1645 1718 1719 supra
1743 1619 1783 1694 in
1811 1620 1979 1696 manibus
2005 1623 2161 1721 predicti

605 1750 731 1849 ballivj
751 1774 816 1849 per
831 1749 1069 1824 tradicionem
1085 1747 1194 1822 fustis
1207 1757 1244 1822 et
1257 1745 1378 1821 baculi
1390 1771 1534 1821 sursum
1546 1745 1708 1820 reddidit
1724 1771 1885 1845 pureque
1897 1757 1935 1821 et
1947 1747 2162 1846 simpliciter

605 1902 648 1950 ao
664 1875 869 1951 voluntarie
889 1874 1088 1975 resignavit
1113 1874 1383 1971 imperpetuum
1401 1881 1439 1945 et
1454 1869 1524 1944 hoc
1541 1870 1655 1945 eciam
1671 1871 1711 1944 11
1728 1870 1890 1946 favorem
1914 1873 2159 1970 predictorum
2219 1948 2226 1965 ,

606 2002 776 2076 Fratrum
809 2001 1083 2076 Predicatorum
1116 2009 1154 2075 et
1188 2024 1313 2074 eorum
1355 2021 1600 2072 successorum
1633 2006 1677 2071 ut
1710 2021 1821 2095 supra
1870 1997 2159 2098 Quibusquidem

604 2125 914 2226 resignacionibus
940 2126 991 2200 sic
1016 2125 1123 2200 factis
1148 2134 1186 2198 et
1212 2149 1276 2223 per
1301 2123 1485 2222 prefatum
1517 2121 1696 2197 ballivum
1729 2122 1852 2198 debite
1878 2125 2033 2222 receptis
2061 2125 2159 2204 idem

604 2251 781 2326 Ricardus
811 2251 903 2326 Reid
933 2250 1090 2325 ballivus
1121 2249 1327 2324 antedictus
1355 2248 1594 2348 personaliter
1627 2249 1778 2323 accessit
1807 2249 1855 2323 ad
1882 2249 2039 2325 fundum
2068 2251 2159 2328 dicti

603 2375 804 2451 molendini
821 2386 859 2451 61
875 2375 1013 2451 ibidem
1028 2384 1174 2450 vertute
1191 2375 1248 2448 sui
1265 2373 1370 2474 officij
1391 2373 1567 2449 antedicti
1584 2399 1626 2448 ac
1642 2375 1776 2448 tenoris
1793 2373 1891 2450 dicte
1902 2375 2158 2476 resignacionis

603 2513 742 2578 statum
772 2513 809 2576 61
838 2501 1010 2576 saisinam
1042 2499 1298 2574 hereditariam
1326 2524 1468 2573 necnon
1497 2499 1630 2574 realem
1659 2499 1840 2574 actualem
1870 2510 1908 2575 et
1937 2503 2157 2600 corporalem

601 2628 863 2728 possessionem
879 2627 925 2702 (16
942 2637 1022 2702 1616
1039 2636 1078 2700 61
1093 2626 1236 2726 integro
1261 2626 1360 2700 dicto
1384 2625 1593 2700 molendino
1618 2624 1851 2700 fullonatorio
1877 2652 1920 2702 ac
1943 2629 2046 2726 pecia
2062 2639 2158 2704 16116

602 2754 767 2854 predicta
792 2754 919 2830 eodem
943 2752 1152 2828 molendino
1178 2761 1365 2850 spectante
1382 2762 1420 2826 et
1435 2751 1640 2850 pertinente
1657 2761 1695 2826 et
1712 2750 1758 2826 de
1774 2751 1928 2849 piscaria
1953 2753 2157 2829 salmonum

602 2880 648 2955 de
675 2880 853 2955 61661611
882 2879 923 2978 ly
947 2877 1111 2978 myldam
1137 2877 1299 2952 eiusdem
1329 2903 1413 2952 cum
1442 2875 1609 2951 omnibus
1639 2886 1677 2951 61
1702 2877 1856 2978 singulis
1885 2877 1960 2952 auis
1986 2877 2156 2976 proficuis

602 3005 857 3081 emolumentis
882 3000 1200 3078 commoditatibus
1226 3002 1434 3076 asiamentis
1452 3028 1493 3077 ac
1519 3001 1625 3076 iustis
1649 3003 1725 3077 suis
1749 3003 1982 3101 pertinenciis
2007 3003 2155 3103 quibus-

602 3156 744 3230 cunque
762 3131 916 3205 discreto
933 3127 1100 3228 religioso
1116 3127 1319 3202 1116116111
1344 3125 1502 3201 Roberto
1528 3125 1631 3201 Prait
1653 3127 1764 3226 priori
1787 3126 1967 3202 dictorum
1985 3129 2156 3206 Fratrum

601 3257 874 3332 Predicatorum
884 3252 1138 3330 dicteecclesie
1152 3263 1275 3328 sancte
1289 3251 1491 3327 Katherine
1504 3252 1550 3326 (16
1562 3251 1650 3327 Aire
1662 3252 1810 3327 nomine
1823 3254 1940 3328 tocius
1954 3267 2155 3332 conventus

602 3383 763 3458 eiusdem
780 3393 817 3457 61
833 3381 908 3456 6116
926 3379 1189 3456 succmsoribus
1211 3379 1390 3478 prioribus
1407 3378 1577 3454 Fratrum
1593 3378 1866 3454 Predicatorum
1885 3379 1983 3455 dicte
2009 3381 2155 3458 ecclesie

601 3509 800 3584 secundum
833 3507 987 3582 formam
1021 3515 1059 3580 et
1092 3515 1255 3580 tenorem
1289 3505 1440 3604 antique
1473 3504 1732 3581 infeodacionis
1766 3505 1951 3604 quondam
1984 3507 2155 3607 Hugonis

601 3635 761 3710 Wallace
786 3633 902 3733 patris
927 3631 1106 3706 dictorum
1132 3629 1213 3704 Ade
1230 3639 1268 3706 et
1286 3630 1456 3729 Hugonis
1472 3629 1519 3706 da
1535 3630 1744 3706 huiusmodi
1760 3656 1803 3706 66
1820 3632 1934 3706 eciam
1951 3645 2048 3708 66116
2065 3635 2154 3733 ipsis

600 3773 726 3836 tenore
753 3759 913 3834 eiusdem
940 3756 1095 3854 desuper
1122 3753 1342 3830 conficienda
1368 3780 1434 3854 per
1462 3780 1619 3830 massam
1648 3766 1742 3830 terre
1770 3765 1808 3829 et
1834 3755 1966 3856 lapidis
1993 3759 2153 3835 eiusdem

601 3883 709 3959 fundi
735 3882 974 3958 tradicionem
998 3889 1043 3954 ut
1067 3879 1178 3954 moris
1205 3889 1261 3954 est
1286 3879 1502 3955 hereditarie
1531 3880 1685 3955 contulit
1712 3891 1750 3955 et
1777 3880 1992 3958 deliberavit
2021 3884 2152 3984 imper-

603 4019 757 4109 petuum
783 4006 884 4081 salvo
910 4005 993 4105 jure
1023 4004 1215 4079 cuiuslibet
1238 4004 1356 4104 Super
1383 4005 1516 4104 quibus
1546 4031 1632 4080 vero
1662 4006 1830 4081 omnibus
1859 4018 1898 4083 61
1924 4009 2077 4110 singulis
2103 4011 2155 4086 616

601 4132 786 4233 premissis
819 4131 980 4230 prefatus
1014 4130 1112 4229 prior
1145 4129 1326 4205 dictorum
1366 4129 1536 4205 Fratrum
1569 4130 1841 4208 Predicatorum
1874 4133 1972 4210 dicte
2006 4137 2153 4212 ecclesie

602 4261 749 4336 nomine
762 4267 799 4332 61
816 4265 981 4356 exparte
999 4257 1117 4330 tocius
1135 4266 1335 4330 conventus
1352 4256 1514 4331 eiusdem
1531 4283 1554 4330 6
1565 4281 1624 4331 me
1638 4258 1778 4332 notario
1791 4258 1936 4358 publico
1949 4259 2152 4361 subscripto

602 4385 672 4460 sibi
699 4384 778 4458 fieri
806 4383 918 4482 peciit
944 4407 1060 4456 unum
1087 4407 1150 4456 seu
1177 4381 1283 4480 plura
1308 4381 1495 4479 publicum
1521 4406 1586 4456 seu
1612 4382 1758 4483 publica
1783 4385 2066 4462 instrumentum
2093 4389 2153 4463 161

602 4512 846 4585 instrumenta
870 4508 965 4583 Acta
989 4517 1093 4582 erant
1118 4507 1185 4582 hec
1210 4507 1306 4582 infra
1330 4507 1485 4607 burgum
1503 4506 1549 4581 (16
1566 4507 1652 4582 Α116
1669 4509 1708 4582 in
1725 4509 1871 4607 publico
1888 4512 1970 4587 1166
1991 4513 2153 4590 eiusdem

603 4661 715 4736 prope
742 4634 879 4709 dictam
909 4633 1095 4709 6661661611
1121 4631 1301 4708 dictorum
1327 4631 1601 4708 Predicatorum
1626 4633 1747 4732 quoad
1773 4637 2037 4737 resignaciones
2064 4640 2153 4716 hora

603 4761 708 4862 quasi
724 4759 864 4834 decima
880 4768 965 4833 ante
982 4759 1169 4834 meridiem
1187 4758 1329 4834 6111616
1353 4758 1546 4834 undecima
1570 4768 1655 4833 61116
1680 4761 1875 4838 merediem
1899 4765 2020 4863 quoad
2036 4767 2153 4844 sasine

602 4885 840 4972 tradicionem
856 4894 922 4958 aut
938 4910 980 4958 ea
992 4885 1087 4959 circa
1104 4884 1173 4959 sub
1190 4910 1286 4958 anno
1303 4885 1363 4959 die
1380 4910 1502 4959 mense
1519 4885 1720 4960 indiccione
1737 4896 1776 4962 et
1791 4889 2006 4987 pontificatu
2019 4892 2152 4993 quibus

603 5038 713 5113 supra
728 5009 956 5110 presentibus
972 5009 1108 5084 ibidem
1125 5009 1332 5085 Alexandro
1350 5011 1487 5084 Lolrart
1503 5009 1529 5084 J
1529 5010 1672 5086 ohanne
1688 5013 1794 5088 Mure
1811 5015 1961 5090 Andrea
1976 5017 2153 5094 Tennand

602 5138 769 5213 Johanne
794 5135 995 5233 Dalrimple
1020 5134 1188 5210 Johanne
1214 5136 1464 5237 Ownyngham
1481 5136 1689 5212 Alexandro
1715 5139 1888 5215 Mortoun
1913 5141 2153 5243 burgensibus

603 5263 694 5340 dicti
722 5263 829 5362 burgi
859 5259 1067 5335 Alexandro
1097 5259 1265 5334 Huntare
1294 5259 1556 5336 molendinario
1584 5272 1621 5337 et
1652 5263 1799 5340 domino
1828 5265 1987 5342 Roberto
2016 5269 2152 5370 Legata

604 5387 789 5490 capellano
806 5412 890 5462 cum
907 5385 1058 5461 diversis
1075 5384 1156 5460 eliis
1174 5384 1328 5460 testibus
1344 5384 1391 5460 ad
1407 5388 1583 5485 premissa
1600 5390 1739 5464 vocatis
1754 5391 1891 5489 pariter
1908 5403 1945 5468 et
1960 5396 2106 5495 rogatis.
