5138 6694
559 799 601 862 bd
816 794 1035 860 CHARTERS
1058 794 1111 857 OF
1132 793 1217 856 THE
1239 790 1391 855 FRIARS
1411 790 1660 855 PREAOHERS
1682 792 1735 856 OF
1755 791 1852 856 AYR,

559 991 751 1067 Isabellam
764 989 950 1066 dominam
963 987 1141 1064 Glammis
1158 996 1196 1061 et
1214 983 1402 1084 Kennydy
1414 1009 1460 1059 ex
1476 994 1579 1083 parte
1596 1011 1672 1061 una
1684 996 1722 1062 et
1733 987 1890 1085 priorem
1904 997 1941 1064 et
1954 1015 2111 1066 conven-

558 1128 639 1194 tum
652 1117 816 1217 religiose
829 1116 959 1190 domus
972 1113 1142 1188 Fratrum
1153 1111 1428 1186 Predicatorum
1439 1109 1549 1209 burgi
1562 1111 1608 1185 de
1620 1111 1694 1186 Are
1707 1137 1791 1186 oum
1802 1138 1978 1190 consensu
1989 1113 2113 1190 fratris

558 1243 583 1318 J
584 1244 738 1318 ohannis
755 1243 861 1317 Mure
877 1240 1002 1338 vicarij
1026 1237 1203 1339 generalis
1219 1237 1310 1310 dicti
1330 1235 1468 1310 ordinis
1489 1235 1585 1311 infra
1599 1263 1753 1338 regnum
1773 1235 1896 1313 Scoeie
1912 1239 2059 1314 nomine
2076 1249 2114 1315 et

559 1396 606 1446 ex
626 1379 729 1469 parte
745 1369 862 1444 tocius
888 1367 1025 1441 ordinis
1043 1373 1210 1462 exparte
1227 1362 1341 1436 altera
1365 1361 1406 1436 in
1422 1361 1519 1436 hunc
1536 1362 1687 1438 modum
1704 1374 1916 1463 sequentem
1933 1366 2001 1440 viz.
2019 1367 2114 1456 Quia

559 1495 660 1570 dicta
676 1493 823 1568 domina
840 1491 994 1568 Isabelle
1010 1491 1106 1565 dicte
1123 1488 1250 1562 domui
1270 1487 1440 1562 Fratrum
1457 1487 1731 1564 Predicatorum
1751 1514 1796 1564 ex
1817 1490 1894 1564 eius
1914 1501 2114 1591 conquestu

560 1620 714 1696 conferri
747 1630 786 1695 et
819 1618 948 1693 donari
976 1617 1065 1692 fecit
1091 1614 1131 1688 in
1160 1639 1289 1711 puram
1318 1623 1356 1687 et
1384 1622 1598 1711 perpetuam
1628 1613 1863 1690 elemosinam
1889 1627 2002 1692 terras
2031 1618 2114 1693 sub

561 1757 753 1846 sequentes
776 1755 814 1818 et
840 1769 979 1818 annuos
1005 1740 1170 1816 redditus
1200 1741 1269 1816 viz.
1299 1739 1390 1813 duas
1419 1749 1542 1837 partes
1571 1749 1667 1814 terre
1693 1739 1740 1815 de
1759 1741 1993 1818 Kerrislande
2019 1745 2116 1818 inter

560 1883 675 1946 terras
693 1872 874 1946 dictorum
890 1870 1060 1944 Fratrum
1077 1866 1351 1941 Predicatorum
1368 1891 1414 1939 ex
1426 1875 1530 1964 parte
1547 1890 1622 1940 una
1639 1875 1677 1941 et
1692 1876 1807 1942 terras
1824 1868 2054 1944 dominorum
2071 1869 2117 1944 de

560 1995 736 2072 Dundufe
752 2005 791 2070 et
807 1993 970 2094 Oragcafi
993 2019 1039 2067 ex
1057 2001 1161 2091 parte
1178 1991 1292 2065 altera
1308 2017 1450 2065 necnon
1467 1991 1557 2065 duas
1573 2001 1696 2089 partes
1712 2001 1890 2069 terrarum
1906 1993 1952 2070 de
1975 1995 2117 2070 Kerris·

560 2121 681 2197 holme
706 2121 801 2195 infra
817 2131 931 2194 terras
948 2118 1087 2194 domini
1103 2117 1128 2191 J
1129 2117 1283 2191 ohannis
1304 2116 1448 2190 Holmis
1466 2116 1643 2214 capellani
1659 2144 1705 2192 ex
1725 2129 1830 2217 parte
1845 2145 1920 2194 una
1941 2129 1979 2194 et
2003 2132 2116 2196 terras

560 2245 745 2347 quondam
761 2246 787 2320 J
787 2245 940 2321 ohannis
957 2243 1216 2318 Mordathsone
1233 2269 1278 2317 ex
1300 2252 1405 2342 parte
1422 2243 1535 2317 altera
1552 2243 1713 2341 jacentes
1738 2243 1778 2317 in
1802 2245 1985 2320 territorio
2009 2244 2117 2344 burgi

561 2373 608 2448 de
632 2373 707 2447 Are
731 2373 828 2446 inira
843 2371 1139 2446 vicecomitatum
1157 2369 1319 2444 eiusdem
1335 2368 1391 2442 Ac
1408 2369 1523 2443 eciam
1539 2368 1630 2443 duos
1647 2367 1780 2444 solidos
1797 2380 1835 2444 et
1851 2382 1933 2445 octo
1951 2370 2117 2446 denarios

561 2499 699 2574 usualis
715 2507 860 2572 monete
879 2495 1003 2571 Scoeie
1020 2521 1222 2570 annuorum
1242 2495 1453 2570 reddituum
1470 2495 1718 2570 exeundorum
1742 2505 1780 2571 et
1805 2496 2044 2571 levandorum
2069 2497 2117 2572 ad

562 2625 654 2700 duos
679 2623 766 2698 anni
795 2623 970 2698 terminos
995 2630 1186 2696 consuetos
1215 2620 1262 2695 de
1289 2620 1394 2695 terris
1420 2619 1465 2694 de
1495 2619 1773 2720 Strobryddyne
1801 2621 1898 2696 infra
1926 2631 2041 2696 terras
2070 2622 2116 2697 de

562 2749 714 2824 Nethire
732 2745 943 2846 Olowyngal
955 2756 994 2820 et
1010 2746 1123 2820 eciam
1141 2745 1212 2818 alia
1228 2744 1371 2818 diversa
1386 2744 1563 2819 beneficia
1579 2746 1741 2844 gratuita
1757 2746 1854 2822 dicte
1871 2748 1997 2822 domui
2013 2749 2117 2823 dedit

564 2887 602 2950 et
619 2874 795 2948 concessit
812 2873 901 2947 dicti
917 2871 1016 2972 prior
1032 2880 1070 2945 et
1086 2879 1287 2944 conventus
1304 2880 1476 2944 tenentur
1492 2880 1530 2944 et
1547 2869 1756 2972 obligantur
1777 2873 2045 2972 imperpetuum
2070 2875 2119 2950 ad

563 2999 844 3075 celebracionem
861 3008 898 3072 et
923 2996 1215 3071 observacionem
1240 2994 1495 3094 suffragiorum
1520 3005 1559 3070 et
1583 2998 1792 3072 orationum
1817 2999 2118 3099 subsequencium

564 3125 631 3199 viz.
652 3123 751 3224 quod
774 3123 1027 3198 decimonono
1045 3120 1105 3195 die
1121 3121 1256 3195 mensis
1273 3120 1400 3220 Marcij
1421 3146 1462 3196 ac
1479 3121 1593 3196 eciam
1609 3132 1713 3197 sexto
1731 3122 1790 3198 die
1808 3127 1941 3199 mensis
1958 3126 2119 3226 Augusti

564 3251 756 3326 annuatim
798 3249 961 3349 quolibet
1001 3247 1182 3322 dictorum
1222 3245 1364 3320 dierum
1405 3272 1521 3321 unum
1555 3248 1840 3325 anniversarium
1883 3261 1920 3326 et
1953 3253 2118 3352 vigiliam

453 3395 454 3399 ’
565 3387 791 3452 mortuorum
818 3401 901 3450 eum
918 3385 1006 3449 nota
1022 3400 1064 3448 ao
1081 3373 1196 3447 eciam
1220 3382 1305 3469 post
1320 3372 1521 3471 quemlibet
1537 3373 1720 3448 dictorum
1738 3374 1880 3450 dierum
1898 3379 1998 3452 omni
2023 3405 2118 3454 anno

566 3503 798 3578 celebrabunt
811 3527 925 3578 unum
938 3499 1132 3601 trigentale
1145 3497 1319 3572 videlicet
1331 3498 1485 3596 triginta
1498 3499 1626 3573 missas
1643 3500 1682 3573 in
1699 3511 1835 3576 secreto
1847 3528 1913 3600 pro
1930 3504 2119 3579 animabus

567 3629 861 3704 excellentissimi
888 3627 1064 3726 principis
1083 3625 1108 3699 J
1109 3623 1212 3699 acobi
1232 3623 1422 3698 Scotorum
1438 3624 1533 3724 regis
1550 3623 1785 3700 illustrissimi
1802 3638 1840 3702 et
1857 3627 2003 3704 domine
2020 3631 2117 3704 Mar-

567 3765 689 3855 garete
706 3753 830 3854 regine
847 3753 925 3826 eius
951 3751 1126 3826 consortis
1142 3750 1408 3848 liberorumque
1426 3750 1623 3824 eorundem
1647 3760 1913 3828 antecessorum
1930 3764 1968 3828 et
1980 3781 2118 3829 sucees-

567 3905 689 3954 sorum
701 3905 829 3979 regum
847 3878 970 3953 Scocie
982 3901 1123 3951 necnon
1139 3901 1205 3974 pro
1223 3874 1414 3948 animabus
1427 3874 1523 3949 dicte
1536 3875 1689 3952 Isabelle
1702 3879 1887 3977 patrisque
1900 3881 2027 3954 matris
2040 3881 2118 3956 eius

568 4031 610 4080 ac
627 4004 817 4080 animabus
831 4003 977 4102 Patricij
994 4002 1145 4101 Lyoune
1162 4001 1300 4075 domini
1326 4000 1503 4075 Glammis
1530 4010 1568 4076 et
1593 4000 1748 4076 Gilberti
1772 4003 1963 4104 Kennydy
1980 4006 2118 4081 domini

570 4130 731 4206 eiusdem
744 4155 958 4229 sponsorum
971 4154 1118 4203 suorum
1131 4127 1305 4202 heredum
1318 4137 1355 4201 et
1371 4127 1566 4202 liberorum
1579 4126 1774 4202 eorundem
1792 4154 1833 4202 ao
1851 4131 2014 4206 omnium
2030 4132 2119 4208 fide·

568 4258 661 4332 lium
685 4256 938 4331 defunctorum
954 4255 1092 4330 Verum
1109 4254 1223 4328 eciam
1248 4251 1339 4326 dicti
1361 4251 1461 4350 prior
1477 4263 1514 4328 et
1531 4261 1730 4327 conventus
1754 4252 1888 4328 facient
1905 4281 2118 4356 campanam

569 4381 775 4456 manualem
801 4382 898 4456 dicte
922 4379 1011 4456 ville
1039 4378 1084 4453 de
1109 4378 1183 4452 Are
1208 4376 1248 4452 in
1272 4376 1399 4476 vigilia
1419 4376 1628 4452 huiusmodi
1653 4379 1977 4456 anniversariorum
2002 4384 2119 4460 facere

568 4507 711 4607 pulsare
733 4506 1001 4581 exhortandum
1025 4503 1202 4605 populum
1219 4512 1263 4578 ut
1280 4513 1385 4577 orent
1402 4527 1468 4602 pro
1485 4503 1607 4578 anima
1623 4503 1720 4578 dicte
1745 4505 1899 4581 Isabelle
1916 4519 1953 4583 et
1969 4535 2119 4586 suorum

570 4657 783 4731 sponsorum
799 4633 1045 4731 predictorum
1062 4641 1100 4705 et
1116 4629 1326 4704 huiusmodi
1343 4629 1523 4730 obsequiis
1539 4630 1710 4705 intersint
1747 4630 1900 4730 Insuper
1915 4647 2120 4733 appunctu·

569 4767 673 4832 etum
699 4769 736 4832 et
761 4758 1020 4832 concordatum
1046 4766 1101 4830 est
1126 4757 1221 4830 inter
1238 4755 1354 4829 dictas
1379 4767 1502 4855 partes
1517 4757 1616 4857 quod
1634 4756 1725 4830 dicti
1749 4757 1847 4854 prior
1863 4767 1901 4832 et
1918 4773 2120 4838 conventus

568 4881 806 4957 infeodabunt
822 4884 976 4957 tercium
992 4880 1277 4956 anniversarium
1303 4880 1349 4955 de
1374 4883 1479 4956 terris
1502 4883 1579 4958 sive
1605 4882 1735 4956 annuis
1760 4883 1962 4960 redditibus
1985 4887 2117 4964 suffici·

569 5009 714 5084 entibus
735 5008 896 5083 emendis
921 5009 1110 5084 annuatim
1134 5017 1391 5106 postmortem
1416 5009 1513 5085 dicte
1531 5010 1684 5086 Isabelle
1701 5010 1741 5084 in
1767 5009 1826 5084 die
1852 5011 1928 5085 eius
1949 5012 2117 5091 decessus

570 5134 826 5210 celebrandum
851 5159 917 5233 pro
943 5133 1134 5208 animabus
1159 5135 1413 5233 suprascriptis
1442 5137 1552 5211 modo
1577 5137 1740 5236 predicto
1767 5146 1804 5210 et
1829 5137 2000 5212 continue
2025 5141 2119 5217 illud

569 5259 803 5334 sustinebunt
837 5284 883 5334 ex
916 5283 958 5333 eo
991 5258 1090 5357 quod
1131 5257 1231 5333 dicta
1272 5257 1428 5334 Isabelle
1466 5287 1557 5360 pure
1600 5273 1639 5338 et
1680 5261 1894 5361 simpliciter
1934 5263 2037 5340 dedit
2079 5280 2118 5344 et

570 5386 771 5486 assignavit
788 5385 924 5496 eisdem
948 5381 1044 5458 bona
1060 5383 1265 5483 subscripta
1281 5385 1447 5462 videlicit
1467 5413 1530 5462 sex
1556 5389 1667 5464 boves
1692 5387 1844 5462 arabiles
1868 5389 2030 5486 precium
2055 5419 2119 5470 sex

571 5509 744 5584 librarum
762 5521 919 5608 quatuor
936 5508 1072 5584 celdras
1096 5535 1294 5586 avenarum
1318 5512 1481 5610 precium
1506 5514 1686 5589 sexdecim
1711 5539 1912 5588 marcarum
1929 5513 2119 5598 dimidiam
