<?xml version="1.0" encoding="UTF-8"?>
<!DOCTYPE html PUBLIC "-//W3C//DTD XHTML 1.0 Transitional//EN"
    "http://www.w3.org/TR/xhtml1/DTD/xhtml1-transitional.dtd">
<html xmlns="http://www.w3.org/1999/xhtml" xml:lang="en" lang="en">
 <head>
  <title>
</title>
<meta http-equiv="Content-Type" content="text/html;charset=utf-8" />
  <meta name='ocr-system' content='tesseract 3.04.00' />
  <meta name='ocr-capabilities' content='ocr_page ocr_carea ocr_par ocr_line ocrx_word'/>
</head>
<body>
  <div class='ocr_page' id='page_1' title='image "./munimentafratru00scotgoog_0048.png"; bbox 0 0 5142 6684; ppageno 0'>
   <div class='ocr_carea' id='block_1_1' title="bbox 616 831 1913 900">
    <p class='ocr_par' dir='ltr' id='par_1_1' title="bbox 616 831 1913 900">
     <span class='ocr_line' id='line_1_1' title="bbox 616 831 1913 900; baseline 0.005 -8"><span class='ocrx_word' id='word_1_1' title='bbox 616 833 634 892; x_wconf 76' lang='grc'><strong>2</strong></span> <span class='ocrx_word' id='word_1_2' title='bbox 871 831 1092 895; x_wconf 81' lang='lat' dir='ltr'><strong>OHARTERS</strong></span> <span class='ocrx_word' id='word_1_3' title='bbox 1114 831 1168 896; x_wconf 86' lang='lat' dir='ltr'><strong>OF</strong></span> <span class='ocrx_word' id='word_1_4' title='bbox 1188 831 1274 896; x_wconf 86' lang='lat' dir='ltr'><strong>THE</strong></span> <span class='ocrx_word' id='word_1_5' title='bbox 1297 832 1449 896; x_wconf 79' lang='lat' dir='ltr'><strong>FRIARS</strong></span> <span class='ocrx_word' id='word_1_6' title='bbox 1471 833 1719 898; x_wconf 82' lang='lat' dir='ltr'><strong>PREAOHERS</strong></span> <span class='ocrx_word' id='word_1_7' title='bbox 1741 833 1794 898; x_wconf 84' lang='lat' dir='ltr'><strong>OF</strong></span> <span class='ocrx_word' id='word_1_8' title='bbox 1815 834 1913 900; x_wconf 82' lang='lat' dir='ltr'><strong>AYR.</strong></span> 
     </span>
    </p>
   </div>
   <div class='ocr_carea' id='block_1_2' title="bbox 619 1091 2164 1324">
    <p class='ocr_par' dir='ltr' id='par_1_2' title="bbox 619 1091 2164 1324">
     <span class='ocr_line' id='line_1_2' title="bbox 619 1091 2164 1198; baseline 0.003 -28"><span class='ocrx_word' id='word_1_9' title='bbox 619 1103 651 1172; x_wconf 83' lang='lat'><strong>2.</strong></span> <span class='ocrx_word' id='word_1_10' title='bbox 680 1091 860 1172; x_wconf 67' lang='lat' dir='ltr'><strong>Notarial</strong></span> <span class='ocrx_word' id='word_1_11' title='bbox 881 1093 983 1194; x_wconf 76' lang='lat' dir='ltr'><strong>Oopy</strong></span> <span class='ocrx_word' id='word_1_12' title='bbox 999 1094 1146 1194; x_wconf 54' lang='lat' dir='ltr'><strong>aaut</strong></span> <span class='ocrx_word' id='word_1_13' title='bbox 1161 1095 1319 1196; x_wconf 63' lang='lat' dir='ltr'><strong>cffPope</strong></span> <span class='ocrx_word' id='word_1_14' title='bbox 1341 1094 1503 1171; x_wconf 79' lang='grc'>0161116111</span> <span class='ocrx_word' id='word_1_15' title='bbox 1525 1095 1554 1170; x_wconf 89' lang='lat' dir='ltr'><em>I</em></span> <span class='ocrx_word' id='word_1_16' title='bbox 1557 1095 1610 1186; x_wconf 73' lang='lat' dir='ltr'><strong>V„</strong></span> <span class='ocrx_word' id='word_1_17' title='bbox 1629 1095 1822 1198; x_wconf 75' lang='grc'>6166161169</span> <span class='ocrx_word' id='word_1_18' title='bbox 1841 1098 1899 1174; x_wconf 76' lang='lat' dir='ltr'><strong>tlte</strong></span> <span class='ocrx_word' id='word_1_19' title='bbox 1923 1095 2023 1196; x_wconf 71' lang='grc'>118111</span> <span class='ocrx_word' id='word_1_20' title='bbox 2043 1096 2089 1198; x_wconf 87' lang='lat' dir='ltr'><strong>of</strong></span> <span class='ocrx_word' id='word_1_21' title='bbox 2106 1097 2164 1174; x_wconf 83' lang='grc'>1116</span> 
     </span>
     <span class='ocr_line' id='line_1_3' title="bbox 674 1219 2115 1324; baseline 0.004 -29"><span class='ocrx_word' id='word_1_22' title='bbox 674 1219 881 1297; x_wconf 74' lang='grc' dir='ltr'>Ρ1611166111</span> <span class='ocrx_word' id='word_1_23' title='bbox 898 1220 1085 1298; x_wconf 65' lang='grc'>11161116</span> <span class='ocrx_word' id='word_1_24' title='bbox 1101 1220 1190 1297; x_wconf 81' lang='lat' dir='ltr'><strong>bold</strong></span> <span class='ocrx_word' id='word_1_25' title='bbox 1207 1220 1389 1321; x_wconf 71' lang='lat' dir='ltr'><strong>temporat</strong></span> <span class='ocrx_word' id='word_1_26' title='bbox 1400 1219 1754 1324; x_wconf 60' lang='lat' dir='ltr'><strong>property-[mla</strong></span> <span class='ocrx_word' id='word_1_27' title='bbox 1772 1225 1968 1323; x_wconf 74' lang='lat' dir='ltr'><strong>February</strong></span> <span class='ocrx_word' id='word_1_28' title='bbox 1988 1221 2115 1324; x_wconf 76' lang='grc'>1261]</span> 
     </span>
    </p>
   </div>
   <div class='ocr_carea' id='block_1_3' title="bbox 614 1396 2165 4388">
    <p class='ocr_par' dir='ltr' id='par_1_3' title="bbox 614 1396 2165 4388">
     <span class='ocr_line' id='line_1_4' title="bbox 690 1396 2164 1500; baseline 0.001 -29"><span class='ocrx_word' id='word_1_29' title='bbox 690 1396 856 1472; x_wconf 79' lang='lat' dir='ltr'>Clemens</span> <span class='ocrx_word' id='word_1_30' title='bbox 869 1399 1192 1498; x_wconf 86' lang='lat' dir='ltr'><strong>episcopusservus</strong></span> <span class='ocrx_word' id='word_1_31' title='bbox 1205 1423 1391 1472; x_wconf 90' lang='lat' dir='ltr'><strong>servorum</strong></span> <span class='ocrx_word' id='word_1_32' title='bbox 1405 1397 1475 1471; x_wconf 91' lang='lat' dir='ltr'><strong>Dei</strong></span> <span class='ocrx_word' id='word_1_33' title='bbox 1488 1397 1631 1473; x_wconf 86' lang='lat' dir='ltr'><strong>dilectis</strong></span> <span class='ocrx_word' id='word_1_34' title='bbox 1643 1397 1730 1472; x_wconf 89' lang='lat' dir='ltr'><strong>filiis</strong></span> <span class='ocrx_word' id='word_1_35' title='bbox 1741 1399 1915 1500; x_wconf 88' lang='lat' dir='ltr'><strong>magistro</strong></span> <span class='ocrx_word' id='word_1_36' title='bbox 1926 1407 1964 1472; x_wconf 90' lang='lat' dir='ltr'><strong>et</strong></span> <span class='ocrx_word' id='word_1_37' title='bbox 1976 1397 2164 1473; x_wconf 81' lang='lat' dir='ltr'><strong>Fratribus</strong></span> 
     </span>
     <span class='ocr_line' id='line_1_5' title="bbox 617 1521 2164 1623; baseline 0.001 -24"><span class='ocrx_word' id='word_1_38' title='bbox 617 1524 755 1600; x_wconf 83' lang='lat' dir='ltr'><strong>ordinis</strong></span> <span class='ocrx_word' id='word_1_39' title='bbox 772 1523 1046 1599; x_wconf 87' lang='lat' dir='ltr'><strong>Predicatorum</strong></span> <span class='ocrx_word' id='word_1_40' title='bbox 1069 1523 1224 1598; x_wconf 90' lang='lat' dir='ltr'><strong>salutem</strong></span> <span class='ocrx_word' id='word_1_41' title='bbox 1242 1533 1280 1597; x_wconf 91' lang='lat' dir='ltr'><strong>et</strong></span> <span class='ocrx_word' id='word_1_42' title='bbox 1297 1521 1533 1623; x_wconf 86' lang='lat' dir='ltr'><strong>apostolicam</strong></span> <span class='ocrx_word' id='word_1_43' title='bbox 1550 1522 1841 1599; x_wconf 79' lang='lat' dir='ltr'><strong>benedictionem</strong></span> <span class='ocrx_word' id='word_1_44' title='bbox 1866 1523 2031 1600; x_wconf 89' lang='lat' dir='ltr'><strong>Obtentu</strong></span> <span class='ocrx_word' id='word_1_45' title='bbox 2047 1525 2164 1600; x_wconf 88' lang='lat' dir='ltr'><strong>divini</strong></span> 
     </span>
     <span class='ocr_line' id='line_1_6' title="bbox 617 1649 2164 1750; baseline 0.001 -25"><span class='ocrx_word' id='word_1_46' title='bbox 617 1650 776 1725; x_wconf 91' lang='lat' dir='ltr'><strong>nominis</strong></span> <span class='ocrx_word' id='word_1_47' title='bbox 796 1649 898 1725; x_wconf 91' lang='lat' dir='ltr'><strong>cuius</strong></span> <span class='ocrx_word' id='word_1_48' title='bbox 916 1651 1033 1726; x_wconf 88' lang='lat' dir='ltr'><strong>cultui</strong></span> <span class='ocrx_word' id='word_1_49' title='bbox 1050 1649 1117 1724; x_wconf 91' lang='lat' dir='ltr'><strong>sub</strong></span> <span class='ocrx_word' id='word_1_50' title='bbox 1135 1675 1235 1724; x_wconf 83' lang='lat' dir='ltr'>sacre</span> <span class='ocrx_word' id='word_1_51' title='bbox 1252 1660 1376 1723; x_wconf 91' lang='lat' dir='ltr'><strong>nostre</strong></span> <span class='ocrx_word' id='word_1_52' title='bbox 1401 1650 1585 1750; x_wconf 90' lang='lat' dir='ltr'><strong>religionis</strong></span> <span class='ocrx_word' id='word_1_53' title='bbox 1610 1650 1844 1726; x_wconf 89' lang='lat' dir='ltr'><strong>observancia</strong></span> <span class='ocrx_word' id='word_1_54' title='bbox 1869 1649 2025 1725; x_wconf 90' lang='lat' dir='ltr'><strong>studetis</strong></span> <span class='ocrx_word' id='word_1_55' title='bbox 2041 1660 2164 1726; x_wconf 91' lang='lat' dir='ltr'><strong>mente</strong></span> 
     </span>
     <span class='ocr_line' id='line_1_7' title="bbox 616 1775 2165 1876; baseline 0.001 -26"><span class='ocrx_word' id='word_1_56' title='bbox 616 1775 852 1851; x_wconf 87' lang='lat' dir='ltr'><strong>devotissima</strong></span> <span class='ocrx_word' id='word_1_57' title='bbox 874 1776 1053 1851; x_wconf 89' lang='lat' dir='ltr'><strong>deservire</strong></span> <span class='ocrx_word' id='word_1_58' title='bbox 1069 1776 1168 1850; x_wconf 90' lang='lat' dir='ltr'><strong>votis</strong></span> <span class='ocrx_word' id='word_1_59' title='bbox 1185 1777 1318 1850; x_wconf 88' lang='lat' dir='ltr'><strong>vestris</strong></span> <span class='ocrx_word' id='word_1_60' title='bbox 1335 1775 1492 1850; x_wconf 77' lang='lat' dir='ltr'>libenter</span> <span class='ocrx_word' id='word_1_61' title='bbox 1514 1777 1709 1851; x_wconf 82' lang='lat' dir='ltr'><strong>annuimus</strong></span> <span class='ocrx_word' id='word_1_62' title='bbox 1736 1786 1774 1852; x_wconf 90' lang='lat' dir='ltr'><strong>et</strong></span> <span class='ocrx_word' id='word_1_63' title='bbox 1799 1777 1998 1876; x_wconf 78' lang='lat' dir='ltr'><strong>peticiones</strong></span> <span class='ocrx_word' id='word_1_64' title='bbox 2025 1785 2165 1851; x_wconf 89' lang='lat' dir='ltr'><strong>vestras</strong></span> 
     </span>
     <span class='ocr_line' id='line_1_8' title="bbox 616 1899 2162 2001; baseline 0 -26"><span class='ocrx_word' id='word_1_65' title='bbox 616 1903 654 1976; x_wconf 91' lang='lat' dir='ltr'><strong>in</strong></span> <span class='ocrx_word' id='word_1_66' title='bbox 682 1901 754 1976; x_wconf 90' lang='lat' dir='ltr'><strong>hiis</strong></span> <span class='ocrx_word' id='word_1_67' title='bbox 782 1927 852 2000; x_wconf 92' lang='lat' dir='ltr'><strong>que</strong></span> <span class='ocrx_word' id='word_1_68' title='bbox 879 1902 990 2000; x_wconf 82' lang='lat' dir='ltr'><strong>digne</strong></span> <span class='ocrx_word' id='word_1_69' title='bbox 1020 1901 1215 2000; x_wconf 89' lang='lat' dir='ltr'><strong>deposcitis</strong></span> <span class='ocrx_word' id='word_1_70' title='bbox 1239 1900 1490 1974; x_wconf 86' lang='lat' dir='ltr'><strong>favorabiliter</strong></span> <span class='ocrx_word' id='word_1_71' title='bbox 1514 1899 1729 1975; x_wconf 84' lang='lat' dir='ltr'><strong>exaudimus</strong></span> <span class='ocrx_word' id='word_1_72' title='bbox 1757 1901 1816 1974; x_wconf 83' lang='lat' dir='ltr'><strong>Ex</strong></span> <span class='ocrx_word' id='word_1_73' title='bbox 1849 1910 1953 1999; x_wconf 88' lang='lat' dir='ltr'><strong>parte</strong></span> <span class='ocrx_word' id='word_1_74' title='bbox 1982 1901 2162 2001; x_wconf 90' lang='lat' dir='ltr'><strong>siquidem</strong></span> 
     </span>
     <span class='ocr_line' id='line_1_9' title="bbox 616 2023 2164 2126; baseline -0.001 -24"><span class='ocrx_word' id='word_1_75' title='bbox 616 2036 737 2102; x_wconf 90' lang='lat' dir='ltr'><strong>vestra</strong></span> <span class='ocrx_word' id='word_1_76' title='bbox 752 2027 825 2100; x_wconf 88' lang='lat' dir='ltr'><strong>fuit</strong></span> <span class='ocrx_word' id='word_1_77' title='bbox 840 2027 1068 2126; x_wconf 90' lang='lat' dir='ltr'><strong>propositum</strong></span> <span class='ocrx_word' id='word_1_78' title='bbox 1086 2051 1206 2101; x_wconf 88' lang='lat' dir='ltr'><strong>coram</strong></span> <span class='ocrx_word' id='word_1_79' title='bbox 1223 2023 1328 2101; x_wconf 90' lang='lat' dir='ltr'><strong>nobis</strong></span> <span class='ocrx_word' id='word_1_80' title='bbox 1345 2025 1444 2124; x_wconf 92' lang='lat' dir='ltr'><strong>quod</strong></span> <span class='ocrx_word' id='word_1_81' title='bbox 1466 2025 1634 2100; x_wconf 88' lang='lat' dir='ltr'><strong>nonnulli</strong></span> <span class='ocrx_word' id='word_1_82' title='bbox 1658 2023 1791 2125; x_wconf 88' lang='lat' dir='ltr'><strong>prelati</strong></span> <span class='ocrx_word' id='word_1_83' title='bbox 1808 2025 1928 2100; x_wconf 89' lang='lat' dir='ltr'><strong>clerici</strong></span> <span class='ocrx_word' id='word_1_84' title='bbox 1953 2036 1991 2101; x_wconf 92' lang='lat' dir='ltr'><strong>et</strong></span> <span class='ocrx_word' id='word_1_85' title='bbox 2016 2025 2098 2101; x_wconf 89' lang='lat' dir='ltr'><strong>laici</strong></span> <span class='ocrx_word' id='word_1_86' title='bbox 2123 2028 2164 2100; x_wconf 94' lang='lat' dir='ltr'><strong>in</strong></span> 
     </span>
     <span class='ocr_line' id='line_1_10' title="bbox 617 2149 2164 2249; baseline -0.001 -22"><span class='ocrx_word' id='word_1_87' title='bbox 617 2153 768 2227; x_wconf 90' lang='lat' dir='ltr'><strong>diversis</strong></span> <span class='ocrx_word' id='word_1_88' title='bbox 791 2151 921 2226; x_wconf 87' lang='lat' dir='ltr'><strong>mundi</strong></span> <span class='ocrx_word' id='word_1_89' title='bbox 942 2149 1106 2249; x_wconf 89' lang='lat' dir='ltr'><strong>partibus</strong></span> <span class='ocrx_word' id='word_1_90' title='bbox 1124 2151 1316 2224; x_wconf 90' lang='lat' dir='ltr'><strong>constituti</strong></span> <span class='ocrx_word' id='word_1_91' title='bbox 1333 2160 1530 2224; x_wconf 80' lang='lat' dir='ltr'><strong>asserentes</strong></span> <span class='ocrx_word' id='word_1_92' title='bbox 1546 2175 1612 2224; x_wconf 91' lang='lat' dir='ltr'><strong>vos</strong></span> <span class='ocrx_word' id='word_1_93' title='bbox 1639 2149 1715 2225; x_wconf 83' lang='lat' dir='ltr'><strong>fore</strong></span> <span class='ocrx_word' id='word_1_94' title='bbox 1731 2161 1893 2226; x_wconf 90' lang='lat' dir='ltr'><strong>mortuos</strong></span> <span class='ocrx_word' id='word_1_95' title='bbox 1915 2177 1982 2226; x_wconf 91' lang='lat' dir='ltr'><strong>nec</strong></span> <span class='ocrx_word' id='word_1_96' title='bbox 1999 2151 2164 2227; x_wconf 90' lang='lat' dir='ltr'><strong>valentes</strong></span> 
     </span>
     <span class='ocr_line' id='line_1_11' title="bbox 616 2275 2164 2378; baseline 0.001 -26"><span class='ocrx_word' id='word_1_97' title='bbox 616 2279 802 2378; x_wconf 89' lang='lat' dir='ltr'><strong>proprium</strong></span> <span class='ocrx_word' id='word_1_98' title='bbox 831 2276 1012 2376; x_wconf 89' lang='lat' dir='ltr'><strong>possidere</strong></span> <span class='ocrx_word' id='word_1_99' title='bbox 1036 2301 1103 2351; x_wconf 92' lang='lat' dir='ltr'><strong>vos</strong></span> <span class='ocrx_word' id='word_1_100' title='bbox 1130 2276 1316 2351; x_wconf 79' lang='lat' dir='ltr'><strong>occasione</strong></span> <span class='ocrx_word' id='word_1_101' title='bbox 1341 2275 1550 2351; x_wconf 88' lang='lat' dir='ltr'><strong>huiusmodi</strong></span> <span class='ocrx_word' id='word_1_102' title='bbox 1578 2302 1600 2350; x_wconf 93' lang='lat' dir='ltr'><strong>a</strong></span> <span class='ocrx_word' id='word_1_103' title='bbox 1626 2275 1852 2376; x_wconf 78' lang='lat' dir='ltr'><strong>quibuslibet</strong></span> <span class='ocrx_word' id='word_1_104' title='bbox 1879 2278 2164 2353; x_wconf 91' lang='lat' dir='ltr'><strong>successionibus</strong></span> 
     </span>
     <span class='ocr_line' id='line_1_12' title="bbox 617 2401 2165 2502; baseline -0.001 -24"><span class='ocrx_word' id='word_1_105' title='bbox 617 2403 808 2480; x_wconf 82' lang='lat' dir='ltr'><strong>excludere</strong></span> <span class='ocrx_word' id='word_1_106' title='bbox 850 2403 1052 2477; x_wconf 89' lang='lat' dir='ltr'><strong>moliuntur</strong></span> <span class='ocrx_word' id='word_1_107' title='bbox 1086 2401 1205 2491; x_wconf 84' lang='lat' dir='ltr'><strong>Quare</strong></span> <span class='ocrx_word' id='word_1_108' title='bbox 1245 2429 1313 2501; x_wconf 91' lang='lat' dir='ltr'><strong>pro</strong></span> <span class='ocrx_word' id='word_1_109' title='bbox 1351 2412 1456 2502; x_wconf 88' lang='lat' dir='ltr'><strong>parte</strong></span> <span class='ocrx_word' id='word_1_110' title='bbox 1490 2413 1613 2477; x_wconf 90' lang='lat' dir='ltr'><strong>vestra</strong></span> <span class='ocrx_word' id='word_1_111' title='bbox 1653 2402 1727 2477; x_wconf 86' lang='lat' dir='ltr'><strong>fuit</strong></span> <span class='ocrx_word' id='word_1_112' title='bbox 1767 2428 1790 2476; x_wconf 89' lang='lat' dir='ltr'><strong>a</strong></span> <span class='ocrx_word' id='word_1_113' title='bbox 1831 2401 1937 2477; x_wconf 90' lang='lat' dir='ltr'><strong>nobis</strong></span> <span class='ocrx_word' id='word_1_114' title='bbox 1976 2403 2165 2478; x_wconf 90' lang='lat' dir='ltr'><strong>humiliter</strong></span> 
     </span>
     <span class='ocr_line' id='line_1_13' title="bbox 615 2527 2163 2628; baseline -0.001 -24"><span class='ocrx_word' id='word_1_115' title='bbox 615 2529 843 2627; x_wconf 90' lang='lat' dir='ltr'><strong>postulatum</strong></span> <span class='ocrx_word' id='word_1_116' title='bbox 859 2538 903 2602; x_wconf 92' lang='lat' dir='ltr'><strong>ut</strong></span> <span class='ocrx_word' id='word_1_117' title='bbox 918 2553 965 2602; x_wconf 90' lang='grc'><strong>116</strong></span> <span class='ocrx_word' id='word_1_118' title='bbox 983 2528 1173 2628; x_wconf 88' lang='lat' dir='ltr'><strong>contingat</strong></span> <span class='ocrx_word' id='word_1_119' title='bbox 1189 2554 1255 2602; x_wconf 90' lang='lat' dir='ltr'><strong>vos</strong></span> <span class='ocrx_word' id='word_1_120' title='bbox 1282 2538 1430 2627; x_wconf 90' lang='lat' dir='ltr'><strong>propter</strong></span> <span class='ocrx_word' id='word_1_121' title='bbox 1456 2527 1666 2603; x_wconf 91' lang='lat' dir='ltr'><strong>huiusmodi</strong></span> <span class='ocrx_word' id='word_1_122' title='bbox 1692 2529 2005 2628; x_wconf 84' lang='lat' dir='ltr'><strong>presumpcionem</strong></span> <span class='ocrx_word' id='word_1_123' title='bbox 2032 2527 2163 2603; x_wconf 82' lang='grc'>16111111</span> 
     </span>
     <span class='ocr_line' id='line_1_14' title="bbox 616 2653 2163 2754; baseline 0.001 -25"><span class='ocrx_word' id='word_1_124' title='bbox 616 2655 766 2754; x_wconf 82' lang='lat' dir='ltr'><strong>aliquod</strong></span> <span class='ocrx_word' id='word_1_125' title='bbox 799 2655 980 2729; x_wconf 88' lang='lat' dir='ltr'><strong>incurrere</strong></span> <span class='ocrx_word' id='word_1_126' title='bbox 1013 2665 1274 2730; x_wconf 86' lang='lat' dir='ltr'><strong>nocumentum</strong></span> <span class='ocrx_word' id='word_1_127' title='bbox 1302 2680 1503 2754; x_wconf 88' lang='lat' dir='ltr'><strong>congruum</strong></span> <span class='ocrx_word' id='word_1_128' title='bbox 1532 2679 1641 2752; x_wconf 90' lang='lat' dir='ltr'><strong>super</strong></span> <span class='ocrx_word' id='word_1_129' title='bbox 1666 2653 1736 2729; x_wconf 90' lang='lat' dir='ltr'><strong>boc</strong></span> <span class='ocrx_word' id='word_1_130' title='bbox 1761 2653 1963 2739; x_wconf 89' lang='lat' dir='ltr'><strong>remedium</strong></span> <span class='ocrx_word' id='word_1_131' title='bbox 1993 2655 2163 2731; x_wconf 87' lang='lat' dir='ltr'><strong>adbibere</strong></span> 
     </span>
     <span class='ocr_line' id='line_1_15' title="bbox 614 2779 2163 2881; baseline 0.001 -26"><span class='ocrx_word' id='word_1_132' title='bbox 614 2791 769 2880; x_wconf 88' lang='lat' dir='ltr'><strong>paterna</strong></span> <span class='ocrx_word' id='word_1_133' title='bbox 785 2779 982 2881; x_wconf 88' lang='lat' dir='ltr'><strong>diligencia</strong></span> <span class='ocrx_word' id='word_1_134' title='bbox 998 2803 1205 2854; x_wconf 86' lang='lat' dir='ltr'><strong>curaremus</strong></span> <span class='ocrx_word' id='word_1_135' title='bbox 1222 2779 1298 2855; x_wconf 88' lang='lat' dir='ltr'><strong>Nos</strong></span> <span class='ocrx_word' id='word_1_136' title='bbox 1315 2781 1439 2880; x_wconf 86' lang='lat' dir='ltr'><strong>itaque</strong></span> <span class='ocrx_word' id='word_1_137' title='bbox 1456 2781 1589 2855; x_wconf 89' lang='lat' dir='ltr'><strong>vestris</strong></span> <span class='ocrx_word' id='word_1_138' title='bbox 1614 2779 1943 2879; x_wconf 89' lang='lat' dir='ltr'><strong>supplicacionibus</strong></span> <span class='ocrx_word' id='word_1_139' title='bbox 1969 2779 2163 2881; x_wconf 86' lang='lat' dir='ltr'><strong>benignius</strong></span> 
     </span>
     <span class='ocr_line' id='line_1_16' title="bbox 615 2903 2162 3005; baseline -0.001 -24"><span class='ocrx_word' id='word_1_140' title='bbox 615 2916 818 2982; x_wconf 88' lang='lat' dir='ltr'><strong>annuentes</strong></span> <span class='ocrx_word' id='word_1_141' title='bbox 849 2905 1068 2982; x_wconf 88' lang='lat' dir='ltr'><strong>auctoritate</strong></span> <span class='ocrx_word' id='word_1_142' title='bbox 1102 2905 1300 3005; x_wconf 89' lang='lat' dir='ltr'><strong>apostolica</strong></span> <span class='ocrx_word' id='word_1_143' title='bbox 1327 2903 1588 2979; x_wconf 88' lang='lat' dir='ltr'><strong>declaravimus</strong></span> <span class='ocrx_word' id='word_1_144' title='bbox 1614 2903 1713 3004; x_wconf 91' lang='lat' dir='ltr'><strong>quod</strong></span> <span class='ocrx_word' id='word_1_145' title='bbox 1740 2929 1807 2979; x_wconf 93' lang='lat' dir='ltr'><strong>vos</strong></span> <span class='ocrx_word' id='word_1_146' title='bbox 1834 2904 1873 2978; x_wconf 94' lang='lat' dir='ltr'><strong>in</strong></span> <span class='ocrx_word' id='word_1_147' title='bbox 1899 2905 2162 3003; x_wconf 85' lang='lat' dir='ltr'><strong>temporalibus</strong></span> 
     </span>
     <span class='ocr_line' id='line_1_17' title="bbox 615 3029 2163 3132; baseline 0 -25"><span class='ocrx_word' id='word_1_148' title='bbox 615 3033 721 3108; x_wconf 93' lang='lat' dir='ltr'><strong>bonis</strong></span> <span class='ocrx_word' id='word_1_149' title='bbox 737 3033 778 3107; x_wconf 94' lang='lat' dir='ltr'><strong>in</strong></span> <span class='ocrx_word' id='word_1_150' title='bbox 795 3031 928 3132; x_wconf 90' lang='lat' dir='ltr'><strong>quibus</strong></span> <span class='ocrx_word' id='word_1_151' title='bbox 945 3029 1185 3107; x_wconf 87' lang='lat' dir='ltr'><strong>succederetis</strong></span> <span class='ocrx_word' id='word_1_152' title='bbox 1202 3031 1242 3106; x_wconf 91' lang='lat' dir='ltr'><strong>in</strong></span> <span class='ocrx_word' id='word_1_153' title='bbox 1259 3031 1379 3106; x_wconf 80' lang='grc'>6661116</span> <span class='ocrx_word' id='word_1_154' title='bbox 1397 3030 1594 3104; x_wconf 88' lang='lat' dir='ltr'><strong>existentes</strong></span> <span class='ocrx_word' id='word_1_155' title='bbox 1615 3029 1715 3105; x_wconf 90' lang='lat' dir='ltr'><strong>licite</strong></span> <span class='ocrx_word' id='word_1_156' title='bbox 1739 3031 1893 3130; x_wconf 88' lang='lat' dir='ltr'><strong>potestis</strong></span> <span class='ocrx_word' id='word_1_157' title='bbox 1910 3031 2099 3107; x_wconf 88' lang='lat' dir='ltr'><strong>succedere</strong></span> <span class='ocrx_word' id='word_1_158' title='bbox 2124 3043 2163 3108; x_wconf 91' lang='lat' dir='ltr'><strong>et</strong></span> 
     </span>
     <span class='ocr_line' id='line_1_18' title="bbox 614 3155 2163 3258; baseline -0.001 -24"><span class='ocrx_word' id='word_1_159' title='bbox 614 3157 792 3234; x_wconf 91' lang='lat' dir='ltr'><strong>bonorum</strong></span> <span class='ocrx_word' id='word_1_160' title='bbox 809 3159 972 3258; x_wconf 91' lang='lat' dir='ltr'><strong>ipsorum</strong></span> <span class='ocrx_word' id='word_1_161' title='bbox 994 3157 1257 3257; x_wconf 89' lang='lat' dir='ltr'><strong>possessionem</strong></span> <span class='ocrx_word' id='word_1_162' title='bbox 1284 3155 1553 3256; x_wconf 89' lang='lat' dir='ltr'><strong>apprehendere</strong></span> <span class='ocrx_word' id='word_1_163' title='bbox 1580 3179 1622 3230; x_wconf 89' lang='lat' dir='ltr'><strong>ac</strong></span> <span class='ocrx_word' id='word_1_164' title='bbox 1638 3155 1796 3230; x_wconf 90' lang='lat' dir='ltr'><strong>vendere</strong></span> <span class='ocrx_word' id='word_1_165' title='bbox 1823 3155 1935 3231; x_wconf 89' lang='lat' dir='ltr'><strong>libere</strong></span> <span class='ocrx_word' id='word_1_166' title='bbox 1963 3157 2059 3232; x_wconf 90' lang='lat' dir='ltr'><strong>bona</strong></span> <span class='ocrx_word' id='word_1_167' title='bbox 2083 3157 2163 3257; x_wconf 90' lang='lat' dir='ltr'><strong>ipsa</strong></span> 
     </span>
     <span class='ocr_line' id='line_1_19' title="bbox 616 3281 2163 3384; baseline -0.002 -23"><span class='ocrx_word' id='word_1_168' title='bbox 616 3307 811 3384; x_wconf 88' lang='lat' dir='ltr'><strong>eorumque</strong></span> <span class='ocrx_word' id='word_1_169' title='bbox 840 3283 1004 3383; x_wconf 90' lang='lat' dir='ltr'><strong>precium</strong></span> <span class='ocrx_word' id='word_1_170' title='bbox 1033 3281 1073 3358; x_wconf 91' lang='lat' dir='ltr'><strong>in</strong></span> <span class='ocrx_word' id='word_1_171' title='bbox 1103 3283 1304 3358; x_wconf 89' lang='lat' dir='ltr'><strong>utilitatem</strong></span> <span class='ocrx_word' id='word_1_172' title='bbox 1337 3291 1499 3356; x_wconf 87' lang='lat' dir='ltr'><strong>vestram</strong></span> <span class='ocrx_word' id='word_1_173' title='bbox 1529 3291 1738 3356; x_wconf 88' lang='lat' dir='ltr'><strong>convertere</strong></span> <span class='ocrx_word' id='word_1_174' title='bbox 1764 3291 1874 3378; x_wconf 90' lang='lat' dir='ltr'><strong>prout</strong></span> <span class='ocrx_word' id='word_1_175' title='bbox 1900 3281 2006 3357; x_wconf 90' lang='lat' dir='ltr'><strong>vobis</strong></span> <span class='ocrx_word' id='word_1_176' title='bbox 2033 3283 2163 3358; x_wconf 91' lang='lat' dir='ltr'><strong>melius</strong></span> 
     </span>
     <span class='ocr_line' id='line_1_20' title="bbox 615 3405 2161 3508; baseline -0.001 -24"><span class='ocrx_word' id='word_1_177' title='bbox 615 3409 802 3485; x_wconf 84' lang='lat' dir='ltr'><strong>videbitur</strong></span> <span class='ocrx_word' id='word_1_178' title='bbox 819 3407 987 3508; x_wconf 84' lang='lat' dir='ltr'><strong>expedire</strong></span> <span class='ocrx_word' id='word_1_179' title='bbox 1005 3407 1205 3484; x_wconf 84' lang='lat' dir='ltr'><strong>Universae</strong></span> <span class='ocrx_word' id='word_1_180' title='bbox 1223 3418 1345 3482; x_wconf 88' lang='lat' dir='ltr'><strong>autem</strong></span> <span class='ocrx_word' id='word_1_181' title='bbox 1372 3405 1559 3481; x_wconf 83' lang='lat' dir='ltr'><strong>interdicti</strong></span> <span class='ocrx_word' id='word_1_182' title='bbox 1587 3406 1832 3504; x_wconf 90' lang='lat' dir='ltr'><strong>suspensionis</strong></span> <span class='ocrx_word' id='word_1_183' title='bbox 1849 3417 1887 3482; x_wconf 87' lang='lat' dir='ltr'><strong>et</strong></span> <span class='ocrx_word' id='word_1_184' title='bbox 1913 3409 2161 3483; x_wconf 87' lang='lat' dir='ltr'><strong>excommuni-</strong></span> 
     </span>
     <span class='ocr_line' id='line_1_21' title="bbox 617 3529 2160 3633; baseline 0 -24"><span class='ocrx_word' id='word_1_185' title='bbox 617 3533 772 3610; x_wconf 85' lang='lat' dir='ltr'><strong>cacionis</strong></span> <span class='ocrx_word' id='word_1_186' title='bbox 788 3533 990 3608; x_wconf 87' lang='lat' dir='ltr'><strong>sentencias</strong></span> <span class='ocrx_word' id='word_1_187' title='bbox 1008 3558 1098 3632; x_wconf 90' lang='lat' dir='ltr'><strong>quas</strong></span> <span class='ocrx_word' id='word_1_188' title='bbox 1116 3541 1242 3607; x_wconf 81' lang='grc'>6011116</span> <span class='ocrx_word' id='word_1_189' title='bbox 1262 3532 1442 3630; x_wconf 90' lang='lat' dir='ltr'><strong>presentis</strong></span> <span class='ocrx_word' id='word_1_190' title='bbox 1468 3529 1726 3606; x_wconf 77' lang='lat' dir='ltr'><strong>declarationis</strong></span> <span class='ocrx_word' id='word_1_191' title='bbox 1754 3540 1917 3606; x_wconf 91' lang='lat' dir='ltr'><strong>tenorem</strong></span> <span class='ocrx_word' id='word_1_192' title='bbox 1943 3557 2010 3632; x_wconf 92' lang='lat' dir='ltr'><strong>per</strong></span> <span class='ocrx_word' id='word_1_193' title='bbox 2035 3559 2160 3633; x_wconf 92' lang='lat' dir='ltr'><strong>quem·</strong></span> 
     </span>
     <span class='ocr_line' id='line_1_22' title="bbox 617 3655 2163 3759; baseline 0.001 -24"><span class='ocrx_word' id='word_1_194' title='bbox 617 3685 759 3759; x_wconf 89' lang='lat' dir='ltr'><strong>cunque</strong></span> <span class='ocrx_word' id='word_1_195' title='bbox 792 3659 879 3734; x_wconf 87' lang='lat' dir='ltr'><strong>ferri</strong></span> <span class='ocrx_word' id='word_1_196' title='bbox 908 3659 1101 3758; x_wconf 85' lang='lat' dir='ltr'><strong>contigerit</strong></span> <span class='ocrx_word' id='word_1_197' title='bbox 1132 3658 1358 3732; x_wconf 90' lang='lat' dir='ltr'><strong>decernimus</strong></span> <span class='ocrx_word' id='word_1_198' title='bbox 1387 3657 1509 3731; x_wconf 88' lang='lat' dir='ltr'><strong>irritas</strong></span> <span class='ocrx_word' id='word_1_199' title='bbox 1537 3665 1574 3730; x_wconf 91' lang='lat' dir='ltr'><strong>et</strong></span> <span class='ocrx_word' id='word_1_200' title='bbox 1604 3656 1730 3730; x_wconf 89' lang='lat' dir='ltr'><strong>inanes</strong></span> <span class='ocrx_word' id='word_1_201' title='bbox 1758 3655 1863 3730; x_wconf 89' lang='lat' dir='ltr'><strong>Nulli</strong></span> <span class='ocrx_word' id='word_1_202' title='bbox 1897 3683 1980 3759; x_wconf 89' lang='lat' dir='ltr'><strong>ergo</strong></span> <span class='ocrx_word' id='word_1_203' title='bbox 2014 3661 2163 3736; x_wconf 89' lang='lat' dir='ltr'><strong>omnino</strong></span> 
     </span>
     <span class='ocr_line' id='line_1_23' title="bbox 616 3781 2162 3884; baseline 0.001 -23"><span class='ocrx_word' id='word_1_204' title='bbox 616 3786 807 3861; x_wconf 90' lang='lat' dir='ltr'><strong>bominum</strong></span> <span class='ocrx_word' id='word_1_205' title='bbox 849 3785 958 3859; x_wconf 91' lang='lat' dir='ltr'><strong>liceat</strong></span> <span class='ocrx_word' id='word_1_206' title='bbox 999 3785 1093 3858; x_wconf 89' lang='lat' dir='ltr'><strong>hanc</strong></span> <span class='ocrx_word' id='word_1_207' title='bbox 1134 3785 1307 3884; x_wconf 90' lang='lat' dir='ltr'><strong>paginam</strong></span> <span class='ocrx_word' id='word_1_208' title='bbox 1351 3791 1473 3856; x_wconf 88' lang='lat' dir='ltr'><strong>nostre</strong></span> <span class='ocrx_word' id='word_1_209' title='bbox 1516 3781 1772 3856; x_wconf 79' lang='lat' dir='ltr'><strong>declarationis</strong></span> <span class='ocrx_word' id='word_1_210' title='bbox 1807 3794 1845 3857; x_wconf 92' lang='grc'><strong>61</strong></span> <span class='ocrx_word' id='word_1_211' title='bbox 1887 3786 2162 3862; x_wconf 90' lang='lat' dir='ltr'><strong>constitucionis</strong></span> 
     </span>
     <span class='ocr_line' id='line_1_24' title="bbox 616 3907 2162 4012; baseline 0.001 -26"><span class='ocrx_word' id='word_1_212' title='bbox 616 3911 814 4010; x_wconf 77' lang='lat' dir='ltr'><strong>infringere</strong></span> <span class='ocrx_word' id='word_1_213' title='bbox 836 3911 897 3985; x_wconf 92' lang='lat' dir='ltr'><strong>vel</strong></span> <span class='ocrx_word' id='word_1_214' title='bbox 923 3911 956 3986; x_wconf 91' lang='lat' dir='ltr'><strong>ei</strong></span> <span class='ocrx_word' id='word_1_215' title='bbox 979 3935 1070 3985; x_wconf 88' lang='lat' dir='ltr'><strong>ausu</strong></span> <span class='ocrx_word' id='word_1_216' title='bbox 1100 3909 1290 3985; x_wconf 88' lang='lat' dir='ltr'><strong>temerario</strong></span> <span class='ocrx_word' id='word_1_217' title='bbox 1316 3907 1494 3983; x_wconf 90' lang='lat' dir='ltr'><strong>contraire</strong></span> <span class='ocrx_word' id='word_1_218' title='bbox 1521 3907 1560 3982; x_wconf 84' lang='lat' dir='ltr'><strong>Si</strong></span> <span class='ocrx_word' id='word_1_219' title='bbox 1586 3907 1668 4006; x_wconf 89' lang='lat' dir='ltr'><strong>quis</strong></span> <span class='ocrx_word' id='word_1_220' title='bbox 1698 3917 1821 3981; x_wconf 88' lang='lat' dir='ltr'><strong>autem</strong></span> <span class='ocrx_word' id='word_1_221' title='bbox 1850 3908 1919 3984; x_wconf 87' lang='lat' dir='ltr'><strong>boe</strong></span> <span class='ocrx_word' id='word_1_222' title='bbox 1944 3921 2162 4012; x_wconf 86' lang='lat' dir='ltr'><strong>attemptare</strong></span> 
     </span>
     <span class='ocr_line' id='line_1_25' title="bbox 616 4031 2163 4138; baseline 0.001 -27"><span class='ocrx_word' id='word_1_223' title='bbox 616 4037 877 4138; x_wconf 86' lang='lat' dir='ltr'><strong>presumpserit</strong></span> <span class='ocrx_word' id='word_1_224' title='bbox 894 4035 1187 4136; x_wconf 83' lang='lat' dir='ltr'><strong>indignacionem</strong></span> <span class='ocrx_word' id='word_1_225' title='bbox 1207 4033 1470 4133; x_wconf 90' lang='lat' dir='ltr'><strong>omnipotentis</strong></span> <span class='ocrx_word' id='word_1_226' title='bbox 1498 4031 1569 4107; x_wconf 94' lang='lat' dir='ltr'><strong>Dei</strong></span> <span class='ocrx_word' id='word_1_227' title='bbox 1592 4043 1630 4107; x_wconf 91' lang='lat' dir='ltr'><strong>et</strong></span> <span class='ocrx_word' id='word_1_228' title='bbox 1657 4032 1845 4108; x_wconf 89' lang='lat' dir='ltr'><strong>beatorum</strong></span> <span class='ocrx_word' id='word_1_229' title='bbox 1873 4034 1975 4110; x_wconf 90' lang='lat' dir='ltr'><strong>Petri</strong></span> <span class='ocrx_word' id='word_1_230' title='bbox 1991 4048 2030 4112; x_wconf 91' lang='lat' dir='ltr'><strong>et</strong></span> <span class='ocrx_word' id='word_1_231' title='bbox 2056 4035 2163 4112; x_wconf 91' lang='lat' dir='ltr'><strong>Pauli</strong></span> 
     </span>
     <span class='ocr_line' id='line_1_26' title="bbox 617 4157 2161 4262; baseline 0.001 -25"><span class='ocrx_word' id='word_1_232' title='bbox 617 4162 863 4262; x_wconf 89' lang='lat' dir='ltr'><strong>apostolorum</strong></span> <span class='ocrx_word' id='word_1_233' title='bbox 892 4161 970 4234; x_wconf 89' lang='lat' dir='ltr'><strong>eius</strong></span> <span class='ocrx_word' id='word_1_234' title='bbox 998 4185 1037 4234; x_wconf 90' lang='lat' dir='ltr'><strong>se</strong></span> <span class='ocrx_word' id='word_1_235' title='bbox 1070 4160 1215 4234; x_wconf 90' lang='lat' dir='ltr'><strong>noverit</strong></span> <span class='ocrx_word' id='word_1_236' title='bbox 1244 4160 1482 4234; x_wconf 83' lang='lat' dir='ltr'><strong>incursurum.</strong></span> <span class='ocrx_word' id='word_1_237' title='bbox 1548 4157 1688 4233; x_wconf 91' lang='lat' dir='ltr'><strong>Datum</strong></span> <span class='ocrx_word' id='word_1_238' title='bbox 1713 4157 1853 4234; x_wconf 90' lang='lat' dir='ltr'><strong>Perusii</strong></span> <span class='ocrx_word' id='word_1_239' title='bbox 1883 4161 1927 4234; x_wconf 87' lang='lat' dir='ltr'><strong>ii⁰</strong></span> <span class='ocrx_word' id='word_1_240' title='bbox 1954 4162 2043 4237; x_wconf 90' lang='lat' dir='ltr'><strong>Idus</strong></span> <span class='ocrx_word' id='word_1_241' title='bbox 2069 4163 2161 4238; x_wconf 82' lang='lat' dir='ltr'><strong>Feb</strong></span> 
     </span>
     <span class='ocr_line' id='line_1_27' title="bbox 615 4287 1447 4388; baseline -0.007 -23"><span class='ocrx_word' id='word_1_242' title='bbox 615 4289 727 4365; x_wconf 91' lang='lat' dir='ltr'><strong>ruarii</strong></span> <span class='ocrx_word' id='word_1_243' title='bbox 743 4287 977 4388; x_wconf 81' lang='lat' dir='ltr'><strong>pontificatus</strong></span> <span class='ocrx_word' id='word_1_244' title='bbox 994 4287 1111 4360; x_wconf 92' lang='lat' dir='ltr'><strong>nostri</strong></span> <span class='ocrx_word' id='word_1_245' title='bbox 1128 4309 1223 4360; x_wconf 89' lang='lat' dir='ltr'><strong>anno</strong></span> <span class='ocrx_word' id='word_1_246' title='bbox 1244 4287 1362 4384; x_wconf 90' lang='lat' dir='ltr'><strong>primo</strong></span> <span class='ocrx_word' id='word_1_247' title='bbox 1380 4295 1447 4359; x_wconf 84' lang='lat' dir='ltr'><strong>eta</strong></span> 
     </span>
    </p>
   </div>
   <div class='ocr_carea' id='block_1_4' title="bbox 693 4433 2163 4787">
    <p class='ocr_par' dir='ltr' id='par_1_4' title="bbox 693 4433 2163 4787">
     <span class='ocr_line' id='line_1_28' title="bbox 693 4433 2163 4537; baseline -0.001 -23"><span class='ocrx_word' id='word_1_248' title='bbox 693 4437 772 4514; x_wconf 89' lang='grc' dir='ltr'><strong>Η66</strong></span> <span class='ocrx_word' id='word_1_249' title='bbox 800 4448 857 4514; x_wconf 91' lang='lat' dir='ltr'><strong>est</strong></span> <span class='ocrx_word' id='word_1_250' title='bbox 891 4463 978 4513; x_wconf 90' lang='lat' dir='ltr'><strong>vera</strong></span> <span class='ocrx_word' id='word_1_251' title='bbox 1012 4435 1115 4536; x_wconf 88' lang='lat' dir='ltr'><strong>eopia</strong></span> <span class='ocrx_word' id='word_1_252' title='bbox 1147 4433 1246 4512; x_wconf 91' lang='lat' dir='ltr'><strong>bulle</strong></span> <span class='ocrx_word' id='word_1_253' title='bbox 1281 4435 1537 4511; x_wconf 76' lang='lat' dir='ltr'><strong>declarationis</strong></span> <span class='ocrx_word' id='word_1_254' title='bbox 1571 4445 1609 4510; x_wconf 91' lang='lat' dir='ltr'><strong>et</strong></span> <span class='ocrx_word' id='word_1_255' title='bbox 1644 4435 1919 4510; x_wconf 86' lang='lat' dir='ltr'><strong>constitucionis</strong></span> <span class='ocrx_word' id='word_1_256' title='bbox 1952 4437 2163 4537; x_wconf 85' lang='lat' dir='ltr'><strong>principalis</strong></span> 
     </span>
     <span class='ocr_line' id='line_1_29' title="bbox 765 4559 2163 4664; baseline 0.001 -26"><span class='ocrx_word' id='word_1_257' title='bbox 765 4561 986 4639; x_wconf 85' lang='lat' dir='ltr'><strong>concordans</strong></span> <span class='ocrx_word' id='word_1_258' title='bbox 1003 4564 1043 4638; x_wconf 94' lang='lat' dir='ltr'><strong>in</strong></span> <span class='ocrx_word' id='word_1_259' title='bbox 1066 4561 1235 4638; x_wconf 90' lang='lat' dir='ltr'><strong>omnibus</strong></span> <span class='ocrx_word' id='word_1_260' title='bbox 1261 4588 1345 4636; x_wconf 91' lang='lat' dir='ltr'><strong>eum</strong></span> <span class='ocrx_word' id='word_1_261' title='bbox 1362 4561 1531 4660; x_wconf 89' lang='lat' dir='ltr'><strong>originali</strong></span> <span class='ocrx_word' id='word_1_262' title='bbox 1547 4559 1660 4636; x_wconf 91' lang='lat' dir='ltr'><strong>nichil</strong></span> <span class='ocrx_word' id='word_1_263' title='bbox 1677 4561 1802 4636; x_wconf 89' lang='lat' dir='ltr'><strong>addito</strong></span> <span class='ocrx_word' id='word_1_264' title='bbox 1821 4573 1885 4636; x_wconf 91' lang='lat' dir='ltr'><strong>aut</strong></span> <span class='ocrx_word' id='word_1_265' title='bbox 1909 4573 2046 4637; x_wconf 90' lang='lat' dir='ltr'><strong>remoto</strong></span> <span class='ocrx_word' id='word_1_266' title='bbox 2064 4563 2163 4664; x_wconf 92' lang='lat' dir='ltr'><strong>quod</strong></span> 
     </span>
     <span class='ocr_line' id='line_1_30' title="bbox 766 4687 2161 4787; baseline 0.001 -23"><span class='ocrx_word' id='word_1_267' title='bbox 766 4689 1011 4765; x_wconf 85' lang='lat' dir='ltr'><strong>substanciam</strong></span> <span class='ocrx_word' id='word_1_268' title='bbox 1028 4689 1118 4764; x_wconf 88' lang='lat' dir='ltr'><strong>faeti</strong></span> <span class='ocrx_word' id='word_1_269' title='bbox 1134 4698 1293 4763; x_wconf 89' lang='lat' dir='ltr'><strong>mutaret</strong></span> <span class='ocrx_word' id='word_1_270' title='bbox 1320 4698 1385 4761; x_wconf 89' lang='lat' dir='ltr'><strong>aut</strong></span> <span class='ocrx_word' id='word_1_271' title='bbox 1411 4687 1640 4762; x_wconf 89' lang='lat' dir='ltr'><strong>intellectum</strong></span> <span class='ocrx_word' id='word_1_272' title='bbox 1666 4687 1904 4787; x_wconf 84' lang='lat' dir='ltr'><strong>quovismodo</strong></span> <span class='ocrx_word' id='word_1_273' title='bbox 1932 4689 2089 4764; x_wconf 88' lang='lat' dir='ltr'><strong>variaret</strong></span> <span class='ocrx_word' id='word_1_274' title='bbox 2116 4691 2161 4766; x_wconf 94' lang='lat' dir='ltr'><strong>ln</strong></span> 
     </span>
    </p>
   </div>
   <div class='ocr_carea' id='block_1_5' title="bbox 767 4811 2164 5533">
    <p class='ocr_par' dir='ltr' id='par_1_5' title="bbox 767 4811 2164 5414">
     <span class='ocr_line' id='line_1_31' title="bbox 767 4811 2163 4916; baseline 0.002 -28"><span class='ocrx_word' id='word_1_275' title='bbox 767 4813 870 4889; x_wconf 90' lang='lat' dir='ltr'><strong>ouius</strong></span> <span class='ocrx_word' id='word_1_276' title='bbox 887 4815 940 4888; x_wconf 91' lang='lat' dir='ltr'><strong>rei</strong></span> <span class='ocrx_word' id='word_1_277' title='bbox 955 4814 1208 4888; x_wconf 89' lang='lat' dir='ltr'><strong>testimonium</strong></span> <span class='ocrx_word' id='word_1_278' title='bbox 1225 4814 1329 4913; x_wconf 91' lang='lat' dir='ltr'><strong>signo</strong></span> <span class='ocrx_word' id='word_1_279' title='bbox 1347 4823 1385 4886; x_wconf 91' lang='grc'><strong>61</strong></span> <span class='ocrx_word' id='word_1_280' title='bbox 1398 4811 1661 4911; x_wconf 85' lang='lat' dir='ltr'><strong>subscripsione</strong></span> <span class='ocrx_word' id='word_1_281' title='bbox 1675 4813 1765 4887; x_wconf 90' lang='lat' dir='ltr'><strong>meis</strong></span> <span class='ocrx_word' id='word_1_282' title='bbox 1777 4813 2007 4889; x_wconf 88' lang='lat' dir='ltr'><strong>manualibus</strong></span> <span class='ocrx_word' id='word_1_283' title='bbox 2020 4815 2163 4916; x_wconf 87' lang='lat' dir='ltr'><strong>signavi</strong></span> 
     </span>
     <span class='ocr_line' id='line_1_32' title="bbox 767 4935 2162 5037; baseline 0.002 -23"><span class='ocrx_word' id='word_1_284' title='bbox 767 4951 805 5014; x_wconf 91' lang='grc'><strong>61</strong></span> <span class='ocrx_word' id='word_1_285' title='bbox 832 4937 1027 5036; x_wconf 86' lang='lat' dir='ltr'><strong>subscripsi</strong></span> <span class='ocrx_word' id='word_1_286' title='bbox 1060 4938 1159 5036; x_wconf 91' lang='lat' dir='ltr'><strong>apud</strong></span> <span class='ocrx_word' id='word_1_287' title='bbox 1188 4935 1622 5036; x_wconf 67' lang='grc' dir='ltr'><strong>11111111111181111161111ιο</strong></span> <span class='ocrx_word' id='word_1_288' title='bbox 1652 4937 1788 5011; x_wconf 89' lang='lat' dir='ltr'><strong>mensis</strong></span> <span class='ocrx_word' id='word_1_289' title='bbox 1816 4937 2038 5037; x_wconf 84' lang='lat' dir='ltr'><strong>Septembris</strong></span> <span class='ocrx_word' id='word_1_290' title='bbox 2066 4967 2162 5017; x_wconf 90' lang='lat' dir='ltr'><strong>anno</strong></span> 
     </span>
     <span class='ocr_line' id='line_1_33' title="bbox 767 5063 2163 5165; baseline 0.001 -25"><span class='ocrx_word' id='word_1_291' title='bbox 767 5065 907 5140; x_wconf 91' lang='lat' dir='ltr'><strong>domini</strong></span> <span class='ocrx_word' id='word_1_292' title='bbox 940 5063 1132 5138; x_wconf 89' lang='lat' dir='ltr'><strong>millesimo</strong></span> <span class='ocrx_word' id='word_1_293' title='bbox 1162 5063 1452 5164; x_wconf 89' lang='lat' dir='ltr'><strong>quingentesimo</strong></span> <span class='ocrx_word' id='word_1_294' title='bbox 1482 5063 1622 5138; x_wconf 86' lang='lat' dir='ltr'><strong>decimo</strong></span> <span class='ocrx_word' id='word_1_295' title='bbox 1649 5063 1778 5162; x_wconf 91' lang='lat' dir='ltr'><strong>quinto</strong></span> <span class='ocrx_word' id='word_1_296' title='bbox 1805 5063 2005 5140; x_wconf 89' lang='lat' dir='ltr'><strong>indictione</strong></span> <span class='ocrx_word' id='word_1_297' title='bbox 2032 5079 2163 5165; x_wconf 84' lang='lat' dir='ltr'><strong>quarta</strong></span> 
     </span>
     <span class='ocr_line' id='line_1_34' title="bbox 767 5185 2164 5289; baseline 0.003 -25"><span class='ocrx_word' id='word_1_298' title='bbox 767 5188 1072 5289; x_wconf 89' lang='lat' dir='ltr'><strong>pontificatusque</strong></span> <span class='ocrx_word' id='word_1_299' title='bbox 1090 5189 1309 5263; x_wconf 90' lang='lat' dir='ltr'><strong>sanctissimi</strong></span> <span class='ocrx_word' id='word_1_300' title='bbox 1327 5188 1367 5261; x_wconf 91' lang='lat' dir='ltr'><strong>in</strong></span> <span class='ocrx_word' id='word_1_301' title='bbox 1385 5185 1528 5262; x_wconf 88' lang='lat' dir='ltr'><strong>Obristo</strong></span> <span class='ocrx_word' id='word_1_302' title='bbox 1545 5187 1660 5287; x_wconf 86' lang='lat' dir='ltr'><strong>patris</strong></span> <span class='ocrx_word' id='word_1_303' title='bbox 1677 5197 1715 5262; x_wconf 91' lang='lat' dir='ltr'><strong>et</strong></span> <span class='ocrx_word' id='word_1_304' title='bbox 1733 5187 1873 5263; x_wconf 92' lang='lat' dir='ltr'><strong>domini</strong></span> <span class='ocrx_word' id='word_1_305' title='bbox 1889 5189 2006 5264; x_wconf 91' lang='lat' dir='ltr'><strong>nostri</strong></span> <span class='ocrx_word' id='word_1_306' title='bbox 2024 5192 2164 5268; x_wconf 89' lang='lat' dir='ltr'><strong>domini</strong></span> 
     </span>
     <span class='ocr_line' id='line_1_35' title="bbox 769 5311 1803 5414; baseline -0.001 -23"><span class='ocrx_word' id='word_1_307' title='bbox 769 5313 900 5391; x_wconf 92' lang='lat' dir='ltr'><strong>Leonis</strong></span> <span class='ocrx_word' id='word_1_308' title='bbox 917 5315 1044 5390; x_wconf 76' lang='lat' dir='ltr'><strong>divirm</strong></span> <span class='ocrx_word' id='word_1_309' title='bbox 1060 5313 1294 5414; x_wconf 91' lang='lat' dir='ltr'><strong>providencia</strong></span> <span class='ocrx_word' id='word_1_310' title='bbox 1310 5335 1403 5412; x_wconf 91' lang='lat' dir='ltr'><strong>pape</strong></span> <span class='ocrx_word' id='word_1_311' title='bbox 1420 5311 1553 5388; x_wconf 90' lang='lat' dir='ltr'><strong>decimi</strong></span> <span class='ocrx_word' id='word_1_312' title='bbox 1569 5339 1664 5388; x_wconf 89' lang='lat' dir='ltr'><strong>anno</strong></span> <span class='ocrx_word' id='word_1_313' title='bbox 1681 5313 1803 5390; x_wconf 88' lang='grc'>161616.</span> 
     </span>
    </p>

    <p class='ocr_par' dir='ltr' id='par_1_6' title="bbox 1645 5438 2083 5533">
     <span class='ocr_line' id='line_1_36' title="bbox 1645 5438 2083 5533; baseline 0.011 -20"><span class='ocrx_word' id='word_1_314' title='bbox 1645 5438 1804 5514; x_wconf 73' lang='lat' dir='ltr'><strong>laeuas</strong></span> <span class='ocrx_word' id='word_1_315' title='bbox 1829 5439 2083 5533; x_wconf 72' lang='lat' dir='ltr'><strong>lonensem.</strong></span> 
     </span>
    </p>
   </div>
   <div class='ocr_carea' id='block_1_6' title="bbox 0 0 2576 6676">
    <p class='ocr_par' dir='ltr' id='par_1_7' title="bbox 0 0 2576 6676">
     <span class='ocr_line' id='line_1_37' title="bbox 0 0 2576 6676; baseline 0 0"><span class='ocrx_word' id='word_1_316' title='bbox 0 0 2576 6676; x_wconf 95' lang='lat' dir='ltr'><strong> </strong></span> 
     </span>
    </p>
   </div>
  </div>
 </body>
</html>
