5138 6694
674 777 893 842 CHARTERS
913 777 965 840 OF
987 778 1070 841 THE
1091 777 1242 842 FRIARS
1264 778 1511 842 PRRAGHERS
1533 779 1586 844 OF
1606 781 1701 845 AYR
1900 789 1960 848 105

415 981 452 1045 et
477 968 579 1068 regni
604 964 716 1043 nostri
742 967 914 1042 vicesimo
940 968 1069 1067 quinto
1097 967 1325 1068 Quoquidem
1346 968 1463 1044 casine
1485 979 1654 1068 precepto
1680 969 1732 1044 sic
1749 970 1907 1068 prolecto
1925 982 1962 1047 et

415 1093 618 1171 astantibus
644 1093 843 1193 vulgariter
869 1094 1061 1169 enunciata
1077 1094 1175 1168 idem
1191 1093 1216 1169 J
1217 1093 1349 1169 acobus
1370 1093 1511 1192 Kenedj
1531 1094 1688 1169 ballivus
1704 1121 1746 1170 ac
1762 1097 1962 1172 vicecomes

415 1221 460 1296 de
472 1219 591 1294 Ainin
603 1218 671 1294 hac
686 1229 790 1317 parte
802 1218 848 1293 de
864 1217 931 1292 Air
944 1219 1148 1293 antedictus
1160 1219 1298 1294 ratione
1316 1219 1372 1293 sui
1389 1218 1496 1293 officii
1509 1245 1551 1293 ac
1562 1220 1686 1319 vigore
1700 1221 1790 1295 dicti
1802 1224 1963 1322 precepti

415 1357 553 1422 statum
574 1345 730 1420 sasinam
747 1343 999 1418 hereditariam
1023 1345 1229 1444 pariterque
1253 1345 1515 1442 possessionem
1540 1346 1759 1444 corporalem
1784 1347 1962 1422 actualem

415 1487 452 1547 et
485 1472 619 1546 realem
645 1480 805 1546 totarum
834 1480 872 1544 et
905 1471 1129 1568 integrarum
1163 1470 1404 1570 quadraginta
1436 1470 1672 1546 solidatamm
1704 1482 1883 1548 terrarum
1916 1474 1962 1549 de

290 1649 292 1654 -
416 1595 638 1674 Orawisland
671 1607 709 1672 et
743 1595 932 1670 Castlehill
965 1595 1119 1670 duarum
1151 1621 1352 1670 mercatum
1386 1595 1432 1671 de
1466 1596 1585 1671 Freris
1624 1597 1819 1674 Dalkeithe
1852 1600 1962 1675 unius

416 1734 573 1798 mercato
588 1733 682 1798 terre
699 1748 782 1796 oum
799 1731 936 1820 septem
957 1722 1048 1796 acris
1067 1732 1162 1796 terre
1183 1721 1228 1795 de
1246 1721 1432 1796 Freirland
1450 1723 1650 1820 jacentium
1668 1724 1763 1798 inter
1779 1735 1891 1800 terras
1917 1726 1963 1802 de

416 1848 692 1924 M⁹Knaristoun
712 1847 758 1922 ab
775 1873 849 1921 una
874 1858 911 1922 et
930 1858 1043 1922 terras
1069 1847 1114 1921 de
1141 1847 1314 1920 Blakstob
1337 1847 1383 1921 ab
1410 1847 1523 1922 altera
1548 1849 1712 1948 partibus
1739 1849 1835 1925 inira
1861 1853 1962 1926 terri·

416 1976 551 2050 torium
592 1974 683 2048 dicti
715 1973 822 2072 burgi
856 1983 895 2046 et
926 1973 1221 2048 vicecomitatum
1255 1972 1416 2047 eiusdem
1449 1973 1558 2048 unius
1599 1975 1827 2074 portiuncule
1868 1987 1964 2052 terre

415 2111 623 2200 nuncupate
661 2097 895 2173 Freirisfauld
928 2109 1100 2197 occupate
1133 2124 1197 2197 per
1229 2097 1440 2172 Villelmum
1469 2098 1629 2174 Wallace
1662 2100 1709 2175 de
1742 2101 1962 2201 Quhythous

412 2226 567 2325 jacentis
592 2225 687 2300 inter
711 2233 960 2298 tenementum
985 2234 1023 2298 et
1048 2235 1161 2298 terras
1186 2223 1364 2298 Johanms
1381 2222 1540 2298 Wallace
1556 2225 1602 2300 de
1628 2225 1755 2326 Cragie
1772 2228 1819 2301 ab
1835 2255 1909 2302 una
1926 2240 1964 2304 et

416 2375 548 2450 aquam
564 2350 609 2425 de
626 2350 695 2426 Air
711 2348 756 2423 ab
776 2347 891 2421 altera
915 2348 1080 2446 partibus
1107 2349 1218 2422 trium
1247 2374 1412 2423 acrarum
1437 2359 1615 2424 terrarum
1638 2351 1837 2449 jacentium
1865 2353 1963 2451 apud

417 2475 612 2550 australem
641 2473 751 2548 finem
781 2473 872 2547 dicti
901 2472 1007 2574 burgi
1036 2473 1106 2548 due
1140 2475 1335 2549 earundem
1368 2487 1627 2573 nuncupantur
1660 2475 1891 2575 Snapisfauld
1926 2489 1964 2552 et

417 2601 530 2676 altera
552 2601 747 2676 earundem
762 2611 913 2674 vocatur
929 2599 976 2674 lie
992 2599 1113 2674 Ducat
1133 2600 1233 2674 ailrer
1250 2609 1505 2699 occupatarum
1520 2626 1587 2700 per
1602 2600 1802 2676 Robertum
1819 2603 1964 2678 Renlrin

416 2727 530 2801 trium
547 2752 709 2801 acrarum
726 2737 904 2800 terrarum
921 2738 1211 2825 nuncrrpatarum
1229 2727 1372 2802 Oruikit
1389 2726 1519 2801 aikires
1534 2751 1600 2825 per
1615 2725 1652 2800 N
1652 2729 1855 2825 ynnianum
1871 2728 1962 2804 Reid

416 2862 672 2951 occupatarum
702 2852 903 2950 jacentium
935 2853 1032 2927 inter
1065 2863 1179 2928 terras
1212 2853 1362 2928 Roberti
1395 2852 1560 2928 Renkine
1594 2853 1640 2928 ab
1673 2879 1747 2928 uua
1781 2866 1818 2930 et
1851 2865 1964 2930 terras

417 2977 579 3054 Villelmi
621 2977 809 3053 Cauldvell
850 2977 896 3053 de
941 2978 1174 3054 Lochermoss
1215 2977 1381 3076 partibus
1422 2977 1537 3052 altera
1577 2979 1686 3054 unius
1727 2981 1827 3078 pecie
1871 2990 1964 3055 terre

418 3114 568 3178 vocatur
605 3102 805 3201 Skynneris
840 3103 932 3203 yard
970 3129 1078 3204 super
1119 3104 1166 3178 lie
1208 3104 1380 3178 mildamc
1421 3103 1513 3178 dicti
1545 3103 1652 3204 burgi
1694 3117 1867 3205 occupate
1899 3131 1965 3206 per

306 3321 310 3331 μ
418 3229 619 3304 Ninianum
667 3229 759 3303 Reid
801 3229 956 3305 duarum
997 3256 1159 3305 acrarum
1201 3241 1377 3304 terrarum
1420 3239 1675 3326 occupatarum
1717 3257 1782 3330 per
1825 3231 1964 3306 dictum

418 3355 619 3430 Ninianum
647 3355 740 3430 Reid
769 3365 807 3430 et
837 3355 1011 3451 Thomam
1045 3355 1207 3428 Kenedie
1238 3355 1439 3454 jacentium
1469 3379 1576 3452 super
1608 3355 1656 3430 lie
1685 3354 1848 3431 Milnbill
1874 3357 1964 3432 dicti

419 3482 525 3582 burgi
557 3482 654 3556 inter
685 3491 798 3556 terras
831 3480 978 3580 Georgii
1011 3480 1176 3555 Kenedie
1209 3480 1255 3554 ab
1289 3506 1363 3554 una
1396 3489 1434 3554 et
1468 3489 1582 3554 terras
1615 3480 1765 3556 Roberti
1798 3481 1963 3558 Renkine

418 3608 583 3708 partibus
606 3607 652 3682 ab
677 3607 791 3681 altera
817 3605 925 3680 unius
949 3631 1030 3680 acre
1056 3615 1149 3680 terre
1173 3606 1330 3704 jacentis
1357 3630 1464 3703 super
1490 3603 1580 3678 dicti
1605 3605 1653 3680 lie
1680 3606 1842 3682 Milnbill
1869 3609 1965 3683 inter

418 3746 531 3810 terras
549 3733 695 3832 Georgii
713 3731 875 3808 Kenedie
892 3731 937 3806 ab
955 3757 1029 3805 una
1046 3742 1083 3805 et
1098 3741 1211 3805 terras
1228 3731 1252 3805 J
1253 3731 1404 3805 ohannis
1421 3729 1581 3805 Lokhert
1596 3731 1762 3830 partibus
1779 3733 1826 3808 ab
1851 3733 1965 3808 altera

419 3870 559 3959 septem
592 3884 756 3934 acrarum
789 3869 967 3931 terrarum
996 3855 1199 3955 jacentium
1232 3855 1329 3930 inter
1361 3865 1474 3930 terras
1508 3855 1685 3931 Johannis
1720 3857 1883 3934 Oochran
1917 3859 1963 3934 ab

418 4013 492 4062 una
508 3995 546 4062 et
562 3996 677 4060 terras
692 3984 716 4058 J
718 3982 869 4057 ohannis
886 3981 1046 4056 Lokhert
1062 3979 1227 4080 partibus
1250 3979 1296 4055 ab
1319 3980 1430 4054 altera
1457 3982 1570 4055 trium
1597 4007 1761 4057 acrarum
1787 3994 1964 4060 terrarum

418 4122 595 4188 vocantur
628 4107 861 4184 Freirisfauld
895 4117 1151 4206 occupaturum
1183 4131 1249 4204 per
1277 4105 1453 4180 Thomam
1486 4105 1608 4181 Miller
1637 4107 1839 4208 jacentium
1868 4111 1965 4184 inter

420 4249 534 4314 terras
547 4237 571 4311 J
573 4234 674 4311 acobi
687 4235 905 4333 Bannatyne
917 4232 963 4307 ab
977 4258 1050 4306 una
1063 4243 1100 4306 et
1113 4241 1226 4306 terras
1238 4231 1263 4305 J
1264 4231 1415 4306 ohannis
1431 4229 1593 4306 Lokhcrt
1608 4233 1772 4333 partibus
1789 4235 1834 4309 ab
1852 4235 1965 4311 altera

418 4365 532 4438 trium
545 4387 708 4437 acrarum
720 4371 898 4435 terrarum
910 4383 994 4432 cum
1010 4357 1243 4456 pertinenciis
1261 4366 1514 4455 occupatorum
1529 4383 1593 4456 per
1605 4356 1629 4430 J
1630 4358 1809 4434 ohannem
1819 4360 1965 4437 Hunter

419 4493 458 4565 in
484 4489 726 4565 Holmestoun
751 4511 834 4560 cum
860 4483 1024 4582 singulis¹
1039 4483 1114 4558 suis
1141 4483 1374 4581 pertinenciis
1397 4483 1597 4582 jacentium
1624 4483 1719 4560 inira
1743 4487 1965 4564 territorium

419 4616 512 4691 dicti
544 4613 651 4714 burgi
685 4623 722 4686 et
756 4609 1048 4686 vicecomitatum
1082 4607 1244 4682 eiusdem
1281 4607 1433 4682 Necnon
1474 4618 1636 4684 totorum
1669 4620 1707 4685 et
1740 4611 1964 4712 integrorum

419 4739 708 4816 molendinorum
741 4737 786 4812 de
815 4735 883 4810 Air
911 4733 990 4807 ovir
1019 4743 1057 4808 et
1086 4733 1214 4808 nether
1247 4758 1329 4807 cum
1359 4733 1433 4808 suis
1468 4733 1623 4810 astrictis
1656 4737 1825 4812 multuris
1857 4739 1964 4814 terris

419 4863 691 4942 molendinariis
733 4873 771 4936 et
808 4859 963 4960 sequelis
1001 4859 1164 4933 eiusdem
1200 4883 1358 4932 unacum
1391 4857 1547 4933 dammis
1577 4871 1615 4934 et
1648 4863 1764 4936 crueis
1802 4863 1962 4938 eiusdem

418 4994 474 5070 Ac
497 4993 608 5068 etiam
625 4988 759 5089 viginti
774 4988 950 5063 librarum
967 4995 1112 5060 monete
1129 4984 1248 5059 Scotic
1267 5009 1469 5058 annuorum
1486 4984 1696 5060 reddituum
1712 4987 1807 5062 infra
1823 4987 1962 5062 dictum

419 5119 576 5218 burgum
605 5125 643 5191 et
672 5125 882 5189 tenementa
911 5112 1073 5188 eiusdem
1102 5109 1291 5185 annuatim
1323 5109 1560 5184 levandorum
1589 5111 1739 5211 triginta
1768 5111 1963 5186 solidorum

418 5254 564 5320 monete
579 5241 740 5342 predicte
757 5240 869 5314 annui
886 5237 1050 5314 redditus
1068 5237 1113 5311 de
1130 5236 1254 5311 decem
1276 5233 1441 5310 solidatis
1458 5247 1636 5310 terrarum
1653 5238 1698 5311 de
1716 5229 1963 5336 Quhytstanes

416 5367 618 5469 jacentium
643 5377 817 5464 utsupra
843 5374 1098 5463 occupatarum
1124 5387 1188 5462 per
1215 5360 1428 5435 Eduardum
1457 5358 1574 5461 Legat
1601 5362 1790 5438 annuatim
1816 5361 1962 5442 levandi

1177 5507 1199 5560 r
